<?xml version="1.0" encoding="UTF-8"?>
<!DOCTYPE html PUBLIC "-//W3C//DTD XHTML 1.0 Transitional//EN"
    "http://www.w3.org/TR/xhtml1/DTD/xhtml1-transitional.dtd">
<html xmlns="http://www.w3.org/1999/xhtml" xml:lang="en" lang="en">
 <head>
  <title>
</title>
<meta http-equiv="Content-Type" content="text/html;charset=utf-8" />
  <meta name='ocr-system' content='tesseract 3.04.00' />
  <meta name='ocr-capabilities' content='ocr_page ocr_carea ocr_par ocr_line ocrx_word'/>
</head>
<body>
  <div class='ocr_page' id='page_1' title='image "./commentatiodear00thomgoog_0042.png"; bbox 0 0 3025 4609; ppageno 0'>
   <div class='ocr_carea' id='block_1_1' title="bbox 1575 341 1730 435">
    <p class='ocr_par' dir='ltr' id='par_1_1' title="bbox 1575 341 1730 435">
     <span class='ocr_line' id='line_1_1' title="bbox 1575 341 1730 435; baseline 0.006 -1"><span class='ocrx_word' id='word_1_1' title='bbox 1575 341 1730 435; x_wconf 79' lang='lat'>&#39;34</span> 
     </span>
    </p>
   </div>
   <div class='ocr_carea' id='block_1_2' title="bbox 553 555 2810 3332">
    <p class='ocr_par' dir='ltr' id='par_1_2' title="bbox 625 555 2733 1143">
     <span class='ocr_line' id='line_1_2' title="bbox 631 555 2729 653; baseline 0.001 -23"><span class='ocrx_word' id='word_1_2' title='bbox 631 558 680 630; x_wconf 90' lang='lat'>1.</span> <span class='ocrx_word' id='word_1_3' title='bbox 732 559 787 630; x_wconf 76' lang='lat'>1.</span> <span class='ocrx_word' id='word_1_4' title='bbox 836 580 905 653; x_wconf 87' lang='lat' dir='ltr'>p.</span> <span class='ocrx_word' id='word_1_5' title='bbox 963 562 1057 632; x_wconf 88' lang='grc'>59</span> <span class='ocrx_word' id='word_1_6' title='bbox 1108 579 1259 653; x_wconf 89' lang='lat' dir='ltr'>sq.‚</span> <span class='ocrx_word' id='word_1_7' title='bbox 1324 560 1452 652; x_wconf 87' lang='lat' dir='ltr'>qui</span> <span class='ocrx_word' id='word_1_8' title='bbox 1502 557 1637 630; x_wconf 88' lang='lat' dir='ltr'>illa</span> <span class='ocrx_word' id='word_1_9' title='bbox 1686 555 2083 650; x_wconf 80' lang='lat' dir='ltr'>rogatione</span> <span class='ocrx_word' id='word_1_10' title='bbox 2146 556 2483 631; x_wconf 86' lang='lat' dir='ltr'>maxime</span> <span class='ocrx_word' id='word_1_11' title='bbox 2531 558 2729 632; x_wconf 74' lang='lat' dir='ltr'>istos</span> 
     </span>
     <span class='ocr_line' id='line_1_3' title="bbox 628 678 2732 754; baseline 0 -3"><span class='ocrx_word' id='word_1_12' title='bbox 628 679 981 753; x_wconf 83' lang='lat' dir='ltr'>homines</span> <span class='ocrx_word' id='word_1_13' title='bbox 1020 680 1411 752; x_wconf 84' lang='lat' dir='ltr'>existimet</span> <span class='ocrx_word' id='word_1_14' title='bbox 1447 678 1543 751; x_wconf 89' lang='lat' dir='ltr'>ab</span> <span class='ocrx_word' id='word_1_15' title='bbox 1581 681 1734 753; x_wconf 88' lang='lat' dir='ltr'>acri</span> <span class='ocrx_word' id='word_1_16' title='bbox 1770 678 2130 753; x_wconf 80' lang='lat' dir='ltr'>defensos</span> <span class='ocrx_word' id='word_1_17' title='bbox 2165 678 2402 754; x_wconf 73' lang='lat' dir='ltr'>fuisse</span> <span class='ocrx_word' id='word_1_18' title='bbox 2429 701 2732 754; x_wconf 84' lang='lat' dir='ltr'>comoe-</span> 
     </span>
     <span class='ocr_line' id='line_1_4' title="bbox 631 800 2731 898; baseline 0.001 -25"><span class='ocrx_word' id='word_1_19' title='bbox 631 800 804 875; x_wconf 89' lang='lat' dir='ltr'>diae</span> <span class='ocrx_word' id='word_1_20' title='bbox 858 803 1393 895; x_wconf 80' lang='lat' dir='ltr'>castigatione,</span> <span class='ocrx_word' id='word_1_21' title='bbox 1472 802 1602 898; x_wconf 84' lang='lat' dir='ltr'>qui</span> <span class='ocrx_word' id='word_1_22' title='bbox 1667 804 1748 873; x_wconf 92' lang='lat' dir='ltr'>in</span> <span class='ocrx_word' id='word_1_23' title='bbox 1820 823 2173 895; x_wconf 72' lang='lat' dir='ltr'>magnam</span> <span class='ocrx_word' id='word_1_24' title='bbox 2225 814 2304 874; x_wconf 88' lang='lat' dir='ltr'>et</span> <span class='ocrx_word' id='word_1_25' title='bbox 2352 803 2731 875; x_wconf 78' lang='lat' dir='ltr'>famosam</span> 
     </span>
     <span class='ocr_line' id='line_1_5' title="bbox 625 923 2733 1021; baseline 0.001 -24"><span class='ocrx_word' id='word_1_26' title='bbox 625 925 994 1021; x_wconf 88' lang='lat' dir='ltr'>implicati</span> <span class='ocrx_word' id='word_1_27' title='bbox 1045 937 1262 996; x_wconf 89' lang='lat' dir='ltr'>erant</span> <span class='ocrx_word' id='word_1_28' title='bbox 1314 923 1408 998; x_wconf 90' lang='lat' dir='ltr'>de</span> <span class='ocrx_word' id='word_1_29' title='bbox 1448 925 1753 997; x_wconf 88' lang='lat' dir='ltr'>Hermis</span> <span class='ocrx_word' id='word_1_30' title='bbox 1803 924 2180 998; x_wconf 81' lang='lat' dir='ltr'>mutilatis</span> <span class='ocrx_word' id='word_1_31' title='bbox 2225 938 2309 998; x_wconf 78' lang='lat' dir='ltr'>et</span> <span class='ocrx_word' id='word_1_32' title='bbox 2346 927 2733 1019; x_wconf 81' lang='lat' dir='ltr'>mysteriis</span> 
     </span>
     <span class='ocr_line' id='line_1_6' title="bbox 626 1047 1652 1143; baseline 0 -24"><span class='ocrx_word' id='word_1_33' title='bbox 626 1047 1050 1143; x_wconf 76' lang='lat' dir='ltr'>profanatis</span> <span class='ocrx_word' id='word_1_34' title='bbox 1101 1048 1652 1141; x_wconf 80' lang='lat' dir='ltr'>quaestionem.</span> 
     </span>
    </p>

    <p class='ocr_par' dir='ltr' id='par_1_3' title="bbox 553 1163 2810 3332">
     <span class='ocr_line' id='line_1_7' title="bbox 611 1163 2734 1262; baseline 0 -22"><span class='ocrx_word' id='word_1_35' title='bbox 611 1163 616 1170; x_wconf 82' lang='grc'><strong>’</strong></span> <span class='ocrx_word' id='word_1_36' title='bbox 825 1168 969 1241; x_wconf 88' lang='lat' dir='ltr'>His</span> <span class='ocrx_word' id='word_1_37' title='bbox 1003 1169 1459 1242; x_wconf 83' lang='lat' dir='ltr'>constitutis</span> <span class='ocrx_word' id='word_1_38' title='bbox 1479 1169 1773 1241; x_wconf 83' lang='lat' dir='ltr'>nemini</span> <span class='ocrx_word' id='word_1_39' title='bbox 1801 1170 1947 1242; x_wconf 84' lang='lat' dir='ltr'>erit</span> <span class='ocrx_word' id='word_1_40' title='bbox 1972 1166 2487 1256; x_wconf 78' lang='lat' dir='ltr'>admirationi,</span> <span class='ocrx_word' id='word_1_41' title='bbox 2528 1166 2734 1262; x_wconf 87' lang='lat' dir='ltr'>quod</span> 
     </span>
     <span class='ocr_line' id='line_1_8' title="bbox 625 1289 2731 1386; baseline 0.001 -27"><span class='ocrx_word' id='word_1_42' title='bbox 625 1302 982 1386; x_wconf 88' lang='lat' dir='ltr'>quattuor</span> <span class='ocrx_word' id='word_1_43' title='bbox 1044 1291 1240 1361; x_wconf 88' lang='lat' dir='ltr'>istae</span> <span class='ocrx_word' id='word_1_44' title='bbox 1309 1290 1646 1378; x_wconf 88' lang='lat' dir='ltr'>fabulae,</span> <span class='ocrx_word' id='word_1_45' title='bbox 1724 1289 1820 1362; x_wconf 89' lang='lat' dir='ltr'>de</span> <span class='ocrx_word' id='word_1_46' title='bbox 1883 1291 2153 1386; x_wconf 84' lang='lat' dir='ltr'>quibus</span> <span class='ocrx_word' id='word_1_47' title='bbox 2224 1289 2470 1364; x_wconf 79' lang='lat' dir='ltr'>adhuc</span> <span class='ocrx_word' id='word_1_48' title='bbox 2531 1290 2731 1368; x_wconf 79' lang='lat' dir='ltr'>facta</span> 
     </span>
     <span class='ocr_line' id='line_1_9' title="bbox 623 1410 2725 1507; baseline -0.001 -24"><span class='ocrx_word' id='word_1_49' title='bbox 623 1425 740 1484; x_wconf 83' lang='lat' dir='ltr'>est</span> <span class='ocrx_word' id='word_1_50' title='bbox 776 1412 1090 1499; x_wconf 87' lang='lat' dir='ltr'>mentio,</span> <span class='ocrx_word' id='word_1_51' title='bbox 1142 1413 1254 1484; x_wconf 91' lang='lat' dir='ltr'>ita</span> <span class='ocrx_word' id='word_1_52' title='bbox 1286 1410 1691 1484; x_wconf 84' lang='lat' dir='ltr'>videantur</span> <span class='ocrx_word' id='word_1_53' title='bbox 1724 1434 1895 1485; x_wconf 90' lang='lat' dir='ltr'>esse</span> <span class='ocrx_word' id='word_1_54' title='bbox 1948 1424 2456 1507; x_wconf 78' lang='lat' dir='ltr'>comparatae,</span> <span class='ocrx_word' id='word_1_55' title='bbox 2507 1424 2595 1482; x_wconf 86' lang='lat' dir='ltr'>ut</span> <span class='ocrx_word' id='word_1_56' title='bbox 2643 1413 2725 1482; x_wconf 88' lang='lat' dir='ltr'>in</span> 
     </span>
     <span class='ocr_line' id='line_1_10' title="bbox 622 1521 2728 1630; baseline -0.001 -25"><span class='ocrx_word' id='word_1_57' title='bbox 622 1534 776 1606; x_wconf 88' lang='lat' dir='ltr'>illis</span> <span class='ocrx_word' id='word_1_58' title='bbox 865 1555 1020 1606; x_wconf 86' lang='lat' dir='ltr'>non</span> <span class='ocrx_word' id='word_1_59' title='bbox 1100 1532 1584 1626; x_wconf 84' lang='lat' dir='ltr'>adtingantur</span> <span class='ocrx_word' id='word_1_60' title='bbox 1668 1555 1789 1609; x_wconf 84' lang='lat' dir='ltr'>res</span> <span class='ocrx_word' id='word_1_61' title='bbox 1881 1533 2226 1630; x_wconf 89' lang='lat' dir='ltr'>publicae</span> <span class='ocrx_word' id='word_1_62' title='bbox 2295 1521 2728 1628; x_wconf 62' lang='lat' dir='ltr'>xearumque</span> 
     </span>
     <span class='ocr_line' id='line_1_11' title="bbox 624 1655 2734 1754; baseline 0.001 -26"><span class='ocrx_word' id='word_1_63' title='bbox 624 1658 902 1728; x_wconf 87' lang='lat' dir='ltr'>summi</span> <span class='ocrx_word' id='word_1_64' title='bbox 953 1656 1495 1748; x_wconf 82' lang='lat' dir='ltr'>gubernatores</span> <span class='ocrx_word' id='word_1_65' title='bbox 1569 1671 1648 1730; x_wconf 92' lang='lat' dir='ltr'>et</span> <span class='ocrx_word' id='word_1_66' title='bbox 1696 1659 2030 1730; x_wconf 87' lang='lat' dir='ltr'>civitatis</span> <span class='ocrx_word' id='word_1_67' title='bbox 2081 1658 2502 1754; x_wconf 87' lang='lat' dir='ltr'>principes,</span> <span class='ocrx_word' id='word_1_68' title='bbox 2571 1655 2734 1730; x_wconf 80' lang='lat' dir='ltr'>nisi</span> 
     </span>
     <span class='ocr_line' id='line_1_12' title="bbox 623 1776 2732 1873; baseline -0.002 -22"><span class='ocrx_word' id='word_1_69' title='bbox 623 1789 821 1851; x_wconf 87' lang='lat' dir='ltr'>tecto</span> <span class='ocrx_word' id='word_1_70' title='bbox 902 1776 1232 1873; x_wconf 86' lang='lat' dir='ltr'>quodam</span> <span class='ocrx_word' id='word_1_71' title='bbox 1313 1791 1390 1851; x_wconf 91' lang='lat' dir='ltr'>et</span> <span class='ocrx_word' id='word_1_72' title='bbox 1457 1779 1780 1853; x_wconf 90' lang='lat' dir='ltr'>obscuro</span> <span class='ocrx_word' id='word_1_73' title='bbox 1848 1778 2130 1866; x_wconf 89' lang='lat' dir='ltr'>modo,</span> <span class='ocrx_word' id='word_1_74' title='bbox 2224 1802 2323 1852; x_wconf 89' lang='lat' dir='ltr'>ne</span> <span class='ocrx_word' id='word_1_75' title='bbox 2393 1776 2732 1851; x_wconf 84' lang='lat' dir='ltr'>violasse</span> 
     </span>
     <span class='ocr_line' id='line_1_13' title="bbox 623 1896 2810 1998; baseline -0 -29"><span class='ocrx_word' id='word_1_76' title='bbox 623 1896 1060 1972; x_wconf 88' lang='lat' dir='ltr'>viderentur</span> <span class='ocrx_word' id='word_1_77' title='bbox 1129 1913 1404 1996; x_wconf 89' lang='lat' dir='ltr'>poetae</span> <span class='ocrx_word' id='word_1_78' title='bbox 1468 1900 1709 1994; x_wconf 87' lang='lat' dir='ltr'>legem</span> <span class='ocrx_word' id='word_1_79' title='bbox 1778 1902 1990 1974; x_wconf 85' lang='lat' dir='ltr'>illam</span> <span class='ocrx_word' id='word_1_80' title='bbox 2067 1905 2259 1998; x_wconf 84' lang='lat' dir='ltr'>ipsis</span> <span class='ocrx_word' id='word_1_81' title='bbox 2322 1900 2729 1974; x_wconf 83' lang='lat' dir='ltr'>imminen-</span> <span class='ocrx_word' id='word_1_82' title='bbox 2801 1913 2810 1920; x_wconf 60' lang='lat'><em>⁴</em></span> 
     </span>
     <span class='ocr_line' id='line_1_14' title="bbox 625 2018 2732 2118; baseline -0.001 -25"><span class='ocrx_word' id='word_1_83' title='bbox 625 2035 823 2109; x_wconf 85' lang='lat' dir='ltr'>tem,</span> <span class='ocrx_word' id='word_1_84' title='bbox 903 2043 1362 2118; x_wconf 86' lang='lat' dir='ltr'>quamquam</span> <span class='ocrx_word' id='word_1_85' title='bbox 1427 2045 1586 2095; x_wconf 88' lang='lat' dir='ltr'>non</span> <span class='ocrx_word' id='word_1_86' title='bbox 1664 2021 1794 2096; x_wconf 88' lang='lat' dir='ltr'>diu</span> <span class='ocrx_word' id='word_1_87' title='bbox 1865 2045 2034 2096; x_wconf 89' lang='lat' dir='ltr'>eam</span> <span class='ocrx_word' id='word_1_88' title='bbox 2085 2024 2418 2097; x_wconf 85' lang='lat' dir='ltr'>valuisse</span> <span class='ocrx_word' id='word_1_89' title='bbox 2469 2018 2732 2093; x_wconf 87' lang='lat' dir='ltr'>admo-</span> 
     </span>
     <span class='ocr_line' id='line_1_15' title="bbox 626 2135 2733 2243; baseline 0 -30"><span class='ocrx_word' id='word_1_90' title='bbox 626 2143 807 2214; x_wconf 86' lang='lat' dir='ltr'>dum</span> <span class='ocrx_word' id='word_1_91' title='bbox 862 2156 980 2215; x_wconf 91' lang='lat' dir='ltr'>est</span> <span class='ocrx_word' id='word_1_92' title='bbox 1030 2145 1443 2239; x_wconf 83' lang='lat' dir='ltr'>probabile.</span> <span class='ocrx_word' id='word_1_93' title='bbox 1558 2135 1805 2233; x_wconf 79' lang='lat' dir='ltr'>Quum</span> <span class='ocrx_word' id='word_1_94' title='bbox 1849 2148 2078 2241; x_wconf 86' lang='lat' dir='ltr'>igitur</span> <span class='ocrx_word' id='word_1_95' title='bbox 2124 2168 2277 2219; x_wconf 87' lang='lat' dir='ltr'>una</span> <span class='ocrx_word' id='word_1_96' title='bbox 2328 2146 2546 2243; x_wconf 84' lang='lat' dir='ltr'>quasi</span> <span class='ocrx_word' id='word_1_97' title='bbox 2598 2165 2733 2215; x_wconf 91' lang='lat' dir='ltr'>ora</span> 
     </span>
     <span class='ocr_line' id='line_1_16' title="bbox 625 2264 2733 2355; baseline 0.004 -20"><span class='ocrx_word' id='word_1_98' title='bbox 625 2264 919 2337; x_wconf 87' lang='lat' dir='ltr'>seclusa</span> <span class='ocrx_word' id='word_1_99' title='bbox 945 2275 1149 2339; x_wconf 85' lang='lat' dir='ltr'>esset</span> <span class='ocrx_word' id='word_1_100' title='bbox 1175 2269 1458 2340; x_wconf 87' lang='lat' dir='ltr'>veteris</span> <span class='ocrx_word' id='word_1_101' title='bbox 1512 2267 1960 2343; x_wconf 81' lang='lat' dir='ltr'>comoediae</span> <span class='ocrx_word' id='word_1_102' title='bbox 2002 2269 2460 2355; x_wconf 82' lang='lat' dir='ltr'>auctoribus,</span> <span class='ocrx_word' id='word_1_103' title='bbox 2513 2265 2733 2343; x_wconf 78' lang='lat' dir='ltr'>dam-</span> 
     </span>
     <span class='ocr_line' id='line_1_17' title="bbox 621 2386 2734 2487; baseline -0.002 -27"><span class='ocrx_word' id='word_1_104' title='bbox 621 2410 803 2460; x_wconf 86' lang='lat' dir='ltr'>num</span> <span class='ocrx_word' id='word_1_105' title='bbox 854 2386 1044 2460; x_wconf 82' lang='lat' dir='ltr'>iilud</span> <span class='ocrx_word' id='word_1_106' title='bbox 1098 2400 1180 2461; x_wconf 89' lang='lat' dir='ltr'>ut</span> <span class='ocrx_word' id='word_1_107' title='bbox 1230 2391 1682 2464; x_wconf 78' lang='lat' dir='ltr'>resarcirent</span> <span class='ocrx_word' id='word_1_108' title='bbox 1730 2405 1808 2464; x_wconf 89' lang='lat' dir='ltr'>et</span> <span class='ocrx_word' id='word_1_109' title='bbox 1855 2395 2041 2466; x_wconf 88' lang='lat' dir='ltr'>scite</span> <span class='ocrx_word' id='word_1_110' title='bbox 2084 2389 2430 2487; x_wconf 77' lang='lat' dir='ltr'>lepideve</span> <span class='ocrx_word' id='word_1_111' title='bbox 2473 2386 2734 2480; x_wconf 82' lang='lat' dir='ltr'>exple-</span> 
     </span>
     <span class='ocr_line' id='line_1_18' title="bbox 621 2512 2735 2605; baseline -0.002 -23"><span class='ocrx_word' id='word_1_112' title='bbox 621 2521 795 2582; x_wconf 86' lang='lat' dir='ltr'>rent</span> <span class='ocrx_word' id='word_1_113' title='bbox 863 2512 1197 2582; x_wconf 86' lang='lat' dir='ltr'>inventis</span> <span class='ocrx_word' id='word_1_114' title='bbox 1280 2523 1487 2582; x_wconf 88' lang='lat' dir='ltr'>ortas</span> <span class='ocrx_word' id='word_1_115' title='bbox 1556 2512 1908 2596; x_wconf 84' lang='lat' dir='ltr'>lacunas,</span> <span class='ocrx_word' id='word_1_116' title='bbox 1998 2514 2172 2605; x_wconf 81' lang='lat' dir='ltr'>ipsa</span> <span class='ocrx_word' id='word_1_117' title='bbox 2228 2530 2480 2583; x_wconf 85' lang='lat' dir='ltr'>rerum</span> <span class='ocrx_word' id='word_1_118' title='bbox 2558 2527 2735 2579; x_wconf 82' lang='lat' dir='ltr'>eon-</span> 
     </span>
     <span class='ocr_line' id='line_1_19' title="bbox 626 2625 2737 2722; baseline 0.001 -25"><span class='ocrx_word' id='word_1_119' title='bbox 626 2626 920 2698; x_wconf 85' lang='lat' dir='ltr'>ditione</span> <span class='ocrx_word' id='word_1_120' title='bbox 990 2641 1207 2700; x_wconf 85' lang='lat' dir='ltr'>erant</span> <span class='ocrx_word' id='word_1_121' title='bbox 1277 2625 1549 2700; x_wconf 88' lang='lat' dir='ltr'>adacti.</span> <span class='ocrx_word' id='word_1_122' title='bbox 1651 2628 2134 2701; x_wconf 80' lang='lat' dir='ltr'>Recedebant</span> <span class='ocrx_word' id='word_1_123' title='bbox 2199 2628 2566 2722; x_wconf 83' lang='lat' dir='ltr'>paulatim</span> <span class='ocrx_word' id='word_1_124' title='bbox 2633 2626 2737 2700; x_wconf 82' lang='lat' dir='ltr'>ab</span> 
     </span>
     <span class='ocr_line' id='line_1_20' title="bbox 616 2748 2733 2849; baseline -0.002 -26"><span class='ocrx_word' id='word_1_125' title='bbox 616 2749 1049 2823; x_wconf 72' lang='lat' dir='ltr'>austeriori</span> <span class='ocrx_word' id='word_1_126' title='bbox 1086 2748 1219 2820; x_wconf 87' lang='lat' dir='ltr'>illa</span> <span class='ocrx_word' id='word_1_127' title='bbox 1266 2755 1356 2822; x_wconf 85' lang='lat' dir='ltr'>&#39;ac</span> <span class='ocrx_word' id='word_1_128' title='bbox 1404 2752 1770 2824; x_wconf 85' lang='lat' dir='ltr'>severiori</span> <span class='ocrx_word' id='word_1_129' title='bbox 1819 2751 2145 2836; x_wconf 86' lang='lat' dir='ltr'>ratione,</span> <span class='ocrx_word' id='word_1_130' title='bbox 2196 2771 2347 2849; x_wconf 90' lang='lat' dir='ltr'>qua</span> <span class='ocrx_word' id='word_1_131' title='bbox 2383 2757 2612 2819; x_wconf 80' lang='lat' dir='ltr'>antea</span> <span class='ocrx_word' id='word_1_132' title='bbox 2647 2748 2733 2820; x_wconf 86' lang='lat' dir='ltr'>in</span> 
     </span>
     <span class='ocr_line' id='line_1_21' title="bbox 553 2869 2730 2970; baseline -0.002 -24"><span class='ocrx_word' id='word_1_133' title='bbox 553 2961 559 2967; x_wconf 8' lang='lat' dir='ltr'>p</span> <span class='ocrx_word' id='word_1_134' title='bbox 631 2893 855 2946; x_wconf 88' lang='lat' dir='ltr'>scena</span> <span class='ocrx_word' id='word_1_135' title='bbox 904 2869 1397 2948; x_wconf 85' lang='lat' dir='ltr'>traduxerant</span> <span class='ocrx_word' id='word_1_136' title='bbox 1448 2873 1572 2946; x_wconf 87' lang='lat' dir='ltr'>vel</span> <span class='ocrx_word' id='word_1_137' title='bbox 1622 2875 1875 2970; x_wconf 84' lang='lat' dir='ltr'>potins</span> <span class='ocrx_word' id='word_1_138' title='bbox 1924 2870 2437 2969; x_wconf 85' lang='lat' dir='ltr'>produxerant</span> <span class='ocrx_word' id='word_1_139' title='bbox 2466 2869 2730 2942; x_wconf 77' lang='lat' dir='ltr'>‘homi-</span> 
     </span>
     <span class='ocr_line' id='line_1_22' title="bbox 626 2991 2734 3092; baseline 0 -30"><span class='ocrx_word' id='word_1_140' title='bbox 626 3011 767 3066; x_wconf 84' lang='lat' dir='ltr'>nes</span> <span class='ocrx_word' id='word_1_141' title='bbox 806 2991 1076 3085; x_wconf 83' lang='lat' dir='ltr'>dignos</span> <span class='ocrx_word' id='word_1_142' title='bbox 1127 2996 1506 3091; x_wconf 84' lang='lat' dir='ltr'>vituperio</span> <span class='ocrx_word' id='word_1_143' title='bbox 1541 3018 1629 3069; x_wconf 91' lang='lat' dir='ltr'>ac</span> <span class='ocrx_word' id='word_1_144' title='bbox 1665 2997 1918 3092; x_wconf 88' lang='lat' dir='ltr'>pravis</span> <span class='ocrx_word' id='word_1_145' title='bbox 1967 2996 2472 3067; x_wconf 84' lang='lat' dir='ltr'>inservientes</span> <span class='ocrx_word' id='word_1_146' title='bbox 2524 3013 2734 3064; x_wconf 86' lang='lat' dir='ltr'>com-</span> 
     </span>
     <span class='ocr_line' id='line_1_23' title="bbox 628 3111 2732 3218; baseline 0 -32"><span class='ocrx_word' id='word_1_147' title='bbox 628 3117 993 3218; x_wconf 81' lang='lat' dir='ltr'>munique</span> <span class='ocrx_word' id='word_1_148' title='bbox 1041 3119 1381 3190; x_wconf 89' lang='lat' dir='ltr'>omnium</span> <span class='ocrx_word' id='word_1_149' title='bbox 1418 3117 1647 3189; x_wconf 86' lang='lat' dir='ltr'>saluti</span> <span class='ocrx_word' id='word_1_150' title='bbox 1687 3118 2130 3210; x_wconf 79' lang='lat' dir='ltr'>perniciosis</span> <span class='ocrx_word' id='word_1_151' title='bbox 2168 3111 2732 3211; x_wconf 78' lang='lat' dir='ltr'>cupiditatibus,</span> 
     </span>
     <span class='ocr_line' id='line_1_24' title="bbox 635 3229 2732 3332; baseline 0.001 -27"><span class='ocrx_word' id='word_1_152' title='bbox 635 3229 986 3306; x_wconf 86' lang='lat' dir='ltr'>Cratinus</span> <span class='ocrx_word' id='word_1_153' title='bbox 1049 3235 1134 3304; x_wconf 88' lang='lat' dir='ltr'>in</span> <span class='ocrx_word' id='word_1_154' title='bbox 1203 3236 1464 3329; x_wconf 86' lang='lat' dir='ltr'>primis</span> <span class='ocrx_word' id='word_1_155' title='bbox 1553 3249 1631 3306; x_wconf 90' lang='lat' dir='ltr'>et</span> <span class='ocrx_word' id='word_1_156' title='bbox 1697 3234 2246 3332; x_wconf 80' lang='lat' dir='ltr'>Aristophanes</span> <span class='ocrx_word' id='word_1_157' title='bbox 2287 3232 2405 3329; x_wconf 65' lang='lat'><strong>²¹⁸),</strong></span> <span class='ocrx_word' id='word_1_158' title='bbox 2507 3249 2732 3332; x_wconf 82' lang='lat' dir='ltr'>atque</span> 
     </span>
    </p>
   </div>
   <div class='ocr_carea' id='block_1_3' title="bbox 656 3392 1048 3410">
    <p class='ocr_par' dir='ltr' id='par_1_4' title="bbox 656 3392 1048 3410">
     <span class='ocr_line' id='line_1_25' title="bbox 656 3392 1048 3410; baseline 0 1199"><span class='ocrx_word' id='word_1_159' title='bbox 656 3392 1048 3410; x_wconf 95' lang='lat' dir='ltr'> </span> 
     </span>
    </p>
   </div>
   <div class='ocr_carea' id='block_1_4' title="bbox 758 3463 2738 4192">
    <p class='ocr_par' dir='ltr' id='par_1_5' title="bbox 758 3463 2738 4192">
     <span class='ocr_line' id='line_1_26' title="bbox 758 3463 2734 3555; baseline 0 -24"><span class='ocrx_word' id='word_1_160' title='bbox 758 3471 819 3545; x_wconf 72' lang='lat'>¹⁸)</span> <span class='ocrx_word' id='word_1_161' title='bbox 883 3467 1224 3536; x_wconf 84' lang='lat' dir='ltr'>Platonius</span> <span class='ocrx_word' id='word_1_162' title='bbox 1262 3467 1415 3552; x_wconf 83' lang='grc' dir='ltr'>περὶ</span> <span class='ocrx_word' id='word_1_163' title='bbox 1444 3463 1775 3555; x_wconf 80' lang='grc' dir='ltr'>διαφορᾶς</span> <span class='ocrx_word' id='word_1_164' title='bbox 1802 3468 2272 3554; x_wconf 70' lang='grc' dir='ltr'><em>χαρακτήρων</em></span> <span class='ocrx_word' id='word_1_165' title='bbox 2299 3470 2502 3552; x_wconf 83' lang='lat' dir='ltr'>(apud</span> <span class='ocrx_word' id='word_1_166' title='bbox 2525 3467 2734 3534; x_wconf 80' lang='lat' dir='ltr'>Mein.</span> 
     </span>
     <span class='ocr_line' id='line_1_27' title="bbox 884 3574 2737 3672; baseline -0.001 -33"><span class='ocrx_word' id='word_1_167' title='bbox 884 3575 1060 3640; x_wconf 84' lang='lat' dir='ltr'>Hist.</span> <span class='ocrx_word' id='word_1_168' title='bbox 1106 3574 1270 3639; x_wconf 85' lang='lat' dir='ltr'>Crit.</span> <span class='ocrx_word' id='word_1_169' title='bbox 1314 3599 1375 3658; x_wconf 90' lang='lat' dir='ltr'>p.</span> <span class='ocrx_word' id='word_1_170' title='bbox 1421 3581 1605 3657; x_wconf 81' lang='lat'>534):</span> <span class='ocrx_word' id='word_1_171' title='bbox 1652 3577 1989 3658; x_wconf 76' lang='grc' dir='ltr'>Κρατῖνος</span> <span class='ocrx_word' id='word_1_172' title='bbox 2034 3580 2076 3638; x_wconf 85' lang='lat'>0‘</span> <span class='ocrx_word' id='word_1_173' title='bbox 2118 3581 2225 3662; x_wconf 76' lang='grc' dir='ltr'>τῆς</span> <span class='ocrx_word' id='word_1_174' title='bbox 2264 3576 2560 3672; x_wconf 64' lang='grc' dir='ltr'>ζεαλαιᾶς</span> <span class='ocrx_word' id='word_1_175' title='bbox 2599 3598 2737 3638; x_wconf 76' lang='grc' dir='ltr'>κω·</span> 
     </span>
     <span class='ocr_line' id='line_1_28' title="bbox 882 3673 2738 3770; baseline -0.002 -27"><span class='ocrx_word' id='word_1_176' title='bbox 882 3676 1142 3760; x_wconf 75' lang='grc' dir='ltr'>μῳδίας</span> <span class='ocrx_word' id='word_1_177' title='bbox 1204 3684 1476 3770; x_wconf 65' lang='grc' dir='ltr'>ποιητὴς</span> <span class='ocrx_word' id='word_1_178' title='bbox 1547 3681 1881 3767; x_wconf 69' lang='grc' dir='ltr'>,αὐστηρός</span> <span class='ocrx_word' id='word_1_179' title='bbox 1953 3681 2081 3755; x_wconf 75' lang='grc' dir='ltr'>μὲν</span> <span class='ocrx_word' id='word_1_180' title='bbox 2145 3686 2282 3753; x_wconf 84' lang='grc' dir='ltr'>ταῖς</span> <span class='ocrx_word' id='word_1_181' title='bbox 2320 3673 2738 3764; x_wconf 34' lang='grc' dir='ltr'>,λοιδορίαις</span> 
     </span>
     <span class='ocr_line' id='line_1_29' title="bbox 884 3768 2737 3884; baseline 0 -36"><span class='ocrx_word' id='word_1_182' title='bbox 884 3786 1080 3850; x_wconf 79' lang='grc' dir='ltr'>ἐστίν·</span> <span class='ocrx_word' id='word_1_183' title='bbox 1127 3788 1211 3851; x_wconf 79' lang='grc' dir='ltr'>οὐ</span> <span class='ocrx_word' id='word_1_184' title='bbox 1255 3768 1388 3884; x_wconf 38' lang='lat' dir='ltr'>{cip</span> <span class='ocrx_word' id='word_1_185' title='bbox 1450 3790 1681 3873; x_wconf 73' lang='grc' dir='ltr'>ὥσπερ</span> <span class='ocrx_word' id='word_1_186' title='bbox 1737 3792 1781 3851; x_wconf 86' lang='lat'>0‘</span> <span class='ocrx_word' id='word_1_187' title='bbox 1823 3787 2318 3876; x_wconf 73' lang='grc' dir='ltr'>Ἀριστοφάνης</span> <span class='ocrx_word' id='word_1_188' title='bbox 2374 3783 2737 3869; x_wconf 82' lang='grc' dir='ltr'>ἐπιτρέχειν</span> 
     </span>
     <span class='ocr_line' id='line_1_30' title="bbox 881 3890 2733 3980; baseline -0.001 -25"><span class='ocrx_word' id='word_1_189' title='bbox 881 3896 1002 3980; x_wconf 74' lang='grc' dir='ltr'>τήν</span> <span class='ocrx_word' id='word_1_190' title='bbox 1061 3893 1274 3974; x_wconf 79' lang='grc' dir='ltr'>χάριν</span> <span class='ocrx_word' id='word_1_191' title='bbox 1333 3899 1467 3967; x_wconf 81' lang='grc' dir='ltr'>τοῖς</span> <span class='ocrx_word' id='word_1_192' title='bbox 1526 3895 1900 3971; x_wconf 78' lang='grc' dir='ltr'>σκώμμασι</span> <span class='ocrx_word' id='word_1_193' title='bbox 1941 3891 2578 3962; x_wconf 74' lang='grc' dir='ltr'>ποιεῖ-ἄλλ’άπλῶς</span> <span class='ocrx_word' id='word_1_194' title='bbox 2617 3890 2733 3955; x_wconf 78' lang='grc' dir='ltr'>καὶ</span> 
     </span>
     <span class='ocr_line' id='line_1_31' title="bbox 886 3995 2736 4087; baseline -0.003 -25"><span class='ocrx_word' id='word_1_195' title='bbox 886 4000 1058 4063; x_wconf 72' lang='grc' dir='ltr'>κατά</span> <span class='ocrx_word' id='word_1_196' title='bbox 1092 3998 1210 4084; x_wconf 74' lang='grc' dir='ltr'>τήν</span> <span class='ocrx_word' id='word_1_197' title='bbox 1244 4002 1623 4082; x_wconf 84' lang='grc' dir='ltr'>παροιμίαν</span> <span class='ocrx_word' id='word_1_198' title='bbox 1664 4006 1895 4087; x_wconf 64' lang='grc' dir='ltr'>γυμνῇ</span> <span class='ocrx_word' id='word_1_199' title='bbox 1936 4006 2020 4085; x_wconf 75' lang='grc' dir='ltr'>τῇ</span> <span class='ocrx_word' id='word_1_200' title='bbox 2057 3997 2326 4085; x_wconf 72' lang='grc' dir='ltr'>κεφαλῇ’</span> <span class='ocrx_word' id='word_1_201' title='bbox 2361 3995 2587 4082; x_wconf 68' lang='lat' dir='ltr'>tisycfz</span> <span class='ocrx_word' id='word_1_202' title='bbox 2629 3997 2736 4066; x_wconf 74' lang='grc' dir='ltr'>τὰς</span> 
     </span>
     <span class='ocr_line' id='line_1_32' title="bbox 880 4091 2737 4192; baseline -0.001 -25"><span class='ocrx_word' id='word_1_203' title='bbox 880 4091 1325 4192; x_wconf 70' lang='grc' dir='ltr'>’βλασφημίας</span> <span class='ocrx_word' id='word_1_204' title='bbox 1366 4108 1539 4168; x_wconf 72' lang='grc' dir='ltr'>κατὰ</span> <span class='ocrx_word' id='word_1_205' title='bbox 1578 4111 1718 4169; x_wconf 73' lang='grc' dir='ltr'>τῶν</span> <span class='ocrx_word' id='word_1_206' title='bbox 1759 4102 2320 4188; x_wconf 73' lang='grc' dir='ltr'>ἁμαρτανόντων.</span> <span class='ocrx_word' id='word_1_207' title='bbox 2409 4101 2737 4185; x_wconf 68' lang='lat' dir='ltr'>Anonym-</span> 
     </span>
    </p>
   </div>
   <div class='ocr_carea' id='block_1_5' title="bbox 3012 2887 3016 3578">
    <p class='ocr_par' dir='ltr' id='par_1_6' title="bbox 3012 2887 3016 3578">
     <span class='ocr_line' id='line_1_33' title="bbox 3012 2887 3016 3578; baseline 0 0"><span class='ocrx_word' id='word_1_208' title='bbox 3012 2887 3016 3578; x_wconf 95' lang='lat' dir='ltr'> </span> 
     </span>
    </p>
   </div>
   <div class='ocr_carea' id='block_1_6' title="bbox 3013 3755 3015 4317">
    <p class='ocr_par' dir='ltr' id='par_1_7' title="bbox 3013 3755 3015 4317">
     <span class='ocr_line' id='line_1_34' title="bbox 3013 3755 3015 4317; baseline 0 0"><span class='ocrx_word' id='word_1_209' title='bbox 3013 3755 3015 4317; x_wconf 95' lang='lat' dir='ltr'> </span> 
     </span>
    </p>
   </div>
  </div>
 </body>
</html>
