3025 4609
1539 272 1649 362 '45

549 486 721 580 ipsa
766 486 1017 557 rerum
1067 485 1369 556 ratione
1418 486 1842 578 coarguere,
1895 488 2154 580 paucis
2207 498 2285 560 et
2330 490 2645 564 circum-

548 607 829 701 scripte
902 626 1278 701 exponam
1305 657 1326 693 ,
1400 628 1731 702 quonam
1809 596 2043 713 modo
2126 624 2354 705 poeta
2426 612 2639 686 illam

443 782 450 792 .
549 732 786 803 animi
839 729 1293 801 sententiam
1344 729 1594 803 forma
1644 729 2003 819 induerit,
2059 743 2140 802 ut
2208 733 2410 805 laeta
2461 732 2642 806 inde

548 866 627 924 et
661 855 865 925 vitae
898 852 1327 953 vigorisque
1355 851 1576 945 plena
1604 852 1960 927 evaderet
1992 855 2268 946 imago.
2337 836 2648 941 Quodsi

544 972 727 1048 ver'o
756 970 1137 1059 contendi,
1193 970 1666 1045 debilitatem
1701 976 1780 1045 in
1824 975 2089 1070 primis
2125 997 2214 1047 ac
2246 976 2638 1050 levitatem

542 1096 687 1168 hac
718 1095 973 1173 fabula
1001 1092 1423 1167 traductam
1453 1117 1623 1167 esse
1651 1095 2254 1183 Atheniensium,
2292 1096 2372 1168 id
2409 1121 2636 1171 nemo
2669 1166 2677 1179 ,

541 1240 801 1293 verum
857 1239 1027 1289 esse
1080 1214 1225 1289 sibi
1284 1210 1564 1312 poterit
1616 1216 2107 1312 persuadere,
2175 1221 2356 1314 quin
2410 1233 2635 1294 antea

544 1344 861 1413 omnino
910 1360 1170 1432 eorum
1224 1339 1671 1429 suffragatus
1721 1339 1952 1411 fuerit
1999 1343 2451 1428 sententiae,
2505 1346 2633 1437 qui

540 1476 783 1535 totam
826 1458 1298 1531 comoediam
1343 1481 1497 1530 nonw
1528 1441 1990 1551 singulorum
2025 1464 2358 1556 precaria
2407 1486 2637 1559 opera

535 1587 912 1669 innixam,
964 1581 1102 1654 sed
1141 1604 1183 1652 e
1218 1581 1476 1676 populi
1529 1595 1801 1654 natura
1853 1594 1930 1655 et
1981 1586 2086 1655 rei
2124 1583 2464 1679 publicae
2512 1588 2634 1683 ³¹¹<

541 1707 717 1780 dole
769 1717 1083 1777 censent
1130 1705 1212 1775 in
1263 1703 1503 1777 lucem
1558 1726 1729 1776 esse
1779 1692 2174 1800 prolatam.
2255 1700 2630 1793 Quemad-

536 1827 853 1901 modum
904 1828 1132 1919 igitur
1181 1825 1460 1920 populo
1516 1828 1795 1919 scripta
1844 1839 1962 1898 est
2008 1827 2450 1911 comoedia,
2522 1834 2632 1903 sic

400 1948 411 1953 “
538 1968 833 2046 semper
854 1958 1377 2041 argumentum
1431 1944 1740 2019 debebit
1774 1932 1944 2021 esse
1986 1949 2346 2044 populare
2379 1948 2626 2024 dicam

538 2091 637 2143 an
691 2053 931 2142 civile.
1030 2071 1203 2142 Jam
1253 2091 1433 2141 vero
1484 2071 1566 2140 in
1617 2069 1907 2142 Avibus
1978 2068 2129 2143 duo
2201 2073 2401 2145 cives
2453 2096 2622 2169 pru-

534 2192 791 2265 dentis
843 2190 1244 2264 facundiae
1294 2190 1691 2286 bonaeque
1736 2195 1894 2290 spei
1939 2214 2218 2265 novum
2257 2208 2627 2288 quaerunt

533 2312 1051 2401 domicilium,
1125 2316 1361 2387 altum
1414 2311 1602 2384 illud
1653 2329 1732 2385 et
1780 2315 1967 2387 satis
2037 2313 2325 2387 editum
2377 2338 2624 2411 neque
2713 2358 2720 2369 ‚

530 2460 666 2509 eos
703 2439 916 2530 fugit,
970 2434 1070 2507 ad
1094 2459 1335 2535 quem
1380 2457 1461 2506 se
1511 2433 1843 2507 debeant
1875 2437 2237 2526 conferre,
2291 2438 2621 2531 auguriis

336 2610 353 2657 .·
424 2654 429 2657 ι
528 2561 736 2629 enim
758 2570 1073 2629 utuntur
1091 2560 1277 2629 satis
1294 2538 1652 2645 fa⁴mosis;
1681 2538 1958 2630 adsunt
1984 2557 2081 2630 ad
2100 2557 2407 2630 domum
2429 2562 2616 2646 eiuS,

440 2664 459 2681 ‘
529 2681 657 2777 qui
695 2682 848 2751 iam
877 2676 1385 2773 praestolatur
1418 2702 1700 2751 novum
1736 2677 2120 2775 quoddam
2148 2680 2425 2751 factum
2479 2701 2618 2750 nec

527 2824 983 2900 quamquam
1020 2801 1303 2875 dormit
1327 2812 1741 2891 cunctatur,
1765 2792 1772 2809 '
1794 2825 1941 2897 quo
1977 2804 2230 2875 minus
2266 2813 2615 2873 senatum

416 2990 419 2995 .
523 2924 886 3023 praebeat
953 2922 1428 2996 adeuntibus.
1545 2924 1720 3019 Ipse
1796 2921 1892 2994 de
1965 2922 2264 2996 consilii
2336 2925 2615 2996 virtute
2715 2962 2732 2977 ·

520 3046 725 3118 haud
776 3044 1051 3118 dubius
1120 3059 1488 3119 convocat
1538 3043 1881 3133 sodales,
1950 3048 2078 3141 qui
2143 3044 2449 3141 quidem
2501 3047 2613 3117 in-

522 3169 720 3263 cepti
770 3167 1293 3258 singularitate
1344 3169 1632 3261 pariter
1668 3180 1895 3262 atque
1929 3178 2313 3240 auctorum
2349 3166 2612 3240 indole
2665 3196 2682 3203 ·

515 3276 867 3386 perculsi'
918 3288 1473 3365 atrocissimum
1543 3287 1894 3385 quodque
1963 3291 2430 3379 minantur,·
2473 3287 2610 3362 sed

512 3413 838 3510 meliora
905 3408 1158 3483 edocti
1209 3408 1483 3483 sedant
1532 3413 1770 3484 animi
1821 3412 2200 3485 servorem
2266 3423 2344 3483 et
2396 3411 2606 3484 brevi

419 3606 425 3614 ,
515 3545 715 3629 post,
768 3555 959 3628 quae
1010 3532 1524 3608 abominanda
1574 3546 1753 3606 sunt
1799 3536 1965 3607 visa
2009 3555 2099 3606 ac
2129 3532 2605 3621 foedissima,

513 3656 615 3732 ad
666 3655 958 3730 coelum
1009 3677 1243 3751 usque
1295 3657 1614 3729 efferunt
1659 3653 2011 3731 laudibus
2066 3669 2146 3727 et
2194 3653 2341 3728 sibi
2398 3654 2604 3733 aliis-

510 3800 659 3875 que
710 3799 980 3851 aureos
1029 3789 1332 3853 montes
1387 3779 1860 3874 pollicentur.
1893 3776 1912 3789 ”
1967 3779 2141 3851 Jam
2196 3787 2606 3852 strataest

372 3924 383 3943 κ
506 3899 1033 3998 patefactaque
1070 3901 1199 3975 via
1249 3900 1404 3974 illis
1457 3898 2133 3991 homuncionibus;
2184 3901 2339 3972 iam
2391 3899 2612 3971 locus

508 4019 731 4096 datus
780 4021 1029 4096 fallaci
1080 4033 1536 4142 argutaeque
1607 4020 2009 4098 facundiae
2029 4044 2034 4053 ·
2053 4044 2198 4096 nec
2246 4023 2398 4120 ipsi
2447 4019 2603 4094 sibi
