3025 4609
30 0 35 185 h
646 147 669 171 ,
1118 145 1129 157 .

1358 388 1452 455 35

359 577 656 653 festivis
719 574 1174 673 quibusdam
1237 575 1699 669 imaginibus
1768 589 1847 650 et
1893 574 2127 653 totius
2180 604 2454 655 scenae

364 699 897 798 splendidiori·
945 702 1504 792 magnificentia
1579 711 1839 772 tenere
1908 700 2316 777 studebant
2380 719 2459 779 et

365 824 743 897 oblectare
794 834 1301 916 spectatorum
1356 824 1684 909 animos,
1738 845 1984 919 neque
2028 836 2282 898 tamen
2334 851 2455 902 res

363 945 670 1020 aliunde
708 921 1038 1017 -forsittin
1090 957 1315 1040 atque
1365 969 1408 1017 e
1452 936 1886 1041 praesentia
1918 950 2293 1042 aucupati,
2346 951 2460 1022 ini

361 1082 447 1141 ut
494 1069 823 1161 graviter
871 1070 1235 1140 commoti
1287 1090 1386 1140 ex
1432 1069 1823 1140 involucro
1873 1070 2025 1144 isto
2073 1073 2453 1166 propriam

286 1243 295 1258 .
360 1162 821 1287 dispicerent
868 1202 1453 1284 excuterentque
1493 1205 1766 1285 poetae
1802 1196 2290 1282 sententiam,
2339 1217 2459 1266 se-

360 1312 540 1385 dulo
592 1298 1118 1407 providebant.
1221 1309 1308 1382 Id
1368 1335 1551 1385 vero
1614 1315 1866 1402 ipsum
1936 1328 2092 1403 est,
2169 1317 2251 1388 in
2305 1340 2455 1412 quo

358 1436 735 1528 egregium
790 1446 1170 1529 spectatur
1229 1435 1475 1507 nostri
1544 1450 1815 1531 poetae
1867 1461 1954 1511 ac
2000 1438 2289 1531 largum
2340 1426 2459 1513 in-

358 1560 700 1651 genium,
754 1578 876 1628 ars
926 1555 1063 1627 ina
1111 1579 1313 1628 nova
1359 1555 1803 1629 inveniendi
1838 1557 1918 1650 ²¹³)
1973 1569 2049 1629 et
2082 1580 2274 1652 quae
2313 1561 2454 1633 sub

356 1684 608 1775 specie
676 1679 1096 1769 elegantiae
1169 1688 1249 1747 et
1311 1677 1595 1772 leporis
1666 1660 2010 1751 severuin
2084 1679 2461 1754 occultent

358 1804 632 1874 aetatis
686 1823 869 1872 suae
920 1795 1308 1888 iudicium,
1362 1799 1570 1874 cuius
1621 1801 1733 1873 rei
1773 1800 2456 1876 luculentissimum

358 1924 439 2031 in
522 1921 811 1996 Avibus
866 1925 1299 2020 ‘proposuit
1379 1925 1832 2022 exemplum.
1936 1924 2459 2000 Producuntur

604 2140 685 2205 de
714 2141 1006 2207 comoed.
1036 2143 1129 2223 (p.
1158 2147 1277 2219 29,
1306 2140 1474 2222 apud
1512 2139 1725 2206 Mein.
1755 2140 1801 2206 l.
1839 2141 1888 2207 l.
1916 2164 1980 2224 p.
2018 2145 2179 2208 536:
2224 2121 2460 2228 ᾖὲγονε

602 2239 672 2308 δὲ
731 2245 1096 2322 (Cratinus)
1162 2246 1725 2331 ποιητικώτατος,
1792 2248 2325 2315 κατασκευάᾶων
2377 2252 2459 2320 εἰς

558 2423 563 2429 ‚
599 2355 728 2417 τόν
767 2350 1140 2428 Αἰσχύλου
1182 2356 1619 2435 χαρακτῆρα.
1686 2351 2232 2433 Candidissimum
2266 2355 2347 2417 de
2377 2377 2455 2418 eo

601 2458 756 2521 fecit
799 2458 1106 2520 iudicium
1151 2451 1485 2538 Aristoph.
1538 2457 1605 2520 in
1652 2456 1868 2538 Equit.
1911 2477 1973 2519 v.
2017 2461 2143 2520 526
2186 2476 2334 2538 sqq.‘

480 2580 550 2662 ²⁸¹)
606 2577 798 2643 Hanc
853 2580 982 2642 vim
1045 2600 1085 2643 a
1143 2591 1373 2644 natura
1433 2579 1560 2642 sibi
1615 2579 1878 2642 insitam
1936 2591 2001 2641 et
2056 2578 2454 2660 praeclaram

598 2686 845 2771 ingenii
875 2685 1231 2749 ubertatem
1257 2706 1446 2767 quum
1474 2684 1642 2749 bene
1667 2689 1942 2749 sentiret
1964 2697 2180 2769 poeta,
2224 2688 2454 2761 eodem

598 2793 831 2868 modo,
900 2802 1024 2875 quo
1067 2795 1351 2875 ingenue
1395 2812 1467 2854 se
1508 2792 1840 2873 praedicat
1882 2789 2186 2856 Cratinus
2228 2795 2297 2856 in
2340 2791 2452 2855 Pi-

599 2912 788 2981 tynes
825 2898 905 2961 fr.
955 2896 1109 2963 vn.
1156 2897 1322 2979 apud
1367 2894 1667 2961 Meinek.
2371 2878 2377 2889 ’

638 3018 822 3088 ἅναέ
854 3020 1256 3091 Ἀπολλον,
1299 3023 1437 3082 τῶν
1477 3018 1659 3085 ἐπῶν
1697 3024 1837 3084 τῶν
1873 3019 2252 3106 ῥευμάτων.

637 3132 1036 3206 καναχοῦσι
1075 3123 1325 3211 πηγαὶ,
1365 3120 1939 3210 δωδεκάκρουνον
1974 3130 2056 3191 τό
2102 3127 2370 3203 στόμα,ἱ

636 3236 932 3306 Ἰλισσός
972 3234 1043 3298 ἐν
1081 3236 1166 3317 τῇ
1208 3228 1472 3320 φάρυγι
1517 3275 1537 3296 .
1579 3231 1644 3295 τὶ
1686 3231 1775 3297 ἂν
1816 3234 2073 3309 εἴποιμί
2112 3226 2259 3310 σοις
2338 3250 2348 3263 “

637 3346 694 3408 εἰ
731 3345 831 3430 μή
871 3344 1004 3429 γάρ
1047 3330 1348 3419 ἐτὲιβύσει
1386 3362 1478 3410 τις
1519 3339 1736 3407 αὐτοῦ
1772 3342 1854 3404 τό
1898 3341 2142 3415 στόμα,

637 3451 907 3516 ἅπαντα
946 3452 1160 3515 ταῦτα
1201 3446 1619 3537 κατακλύσει
1659 3445 2040 3533 ποιήμασιν
2079 3482 2163 3495 -

597 3554 932 3641 profitetur
960 3555 1215 3619 beatam
1250 3556 1403 3618 novi
1445 3554 1817 3619 inveniendi
1854 3574 2085 3618 venam
2123 3555 2192 3618 in
2224 3552 2444 3621 Nubb.

592 3686 653 3728 v.
698 3668 822 3728 545
868 3683 1008 3744 sqq.

630 3768 827 3857 κάγώ
866 3768 993 3843 μὲν
1031 3770 1337 3838 τοιοῦτος
1380 3765 1551 3853 ἀνὴρ
1597 3766 1699 3830 ὥν
1740 3766 2010 3856 ποιῃτής
2046 3765 2131 3832 οὐ
2174 3771 2403 3843 κομῶ,

635 3872 782 3945 οὐδ’
800 3878 973 3950 ὑμᾶς
983 3868 1170 3961 ζητῶ
1182 3870 1521 3940 ’ἔαπατᾶν
1539 3867 1600 3936 δῖ
1606 3897 1630 3945 5
1646 3871 1761 3936 καὶ
1774 3870 1909 3958 τρὶς
1921 3871 2109 3937 ταῦτ’
2126 3871 2441 3960 εἰσάγων,

631 3984 793 4054 ἀλλ’
840 3980 940 4048 αἐὶ
980 3982 1212 4052 καινάς
1251 3962 1418 4051 ι’δέάς
1455 3974 1790 4069 εἰσφέρων
1830 3980 2235 4068 σοφίζομαι,

626 4090 832 4163 οὐδὲν
871 4087 1298 4177 ἀλλήλαισιν
1339 4088 1583 4164 ὁμοίας
1622 4083 1744 4151 καὶ
1781 4084 2001 4157 πάσας
2043 4081 2281 4157 δεξιάς.

1668 4192 1779 4269 3*
