3025 4609
1549 278 1680 354 ‘38

592 482 1105 583 propinquant
1171 478 1228 551 ii
1301 478 1694 566 homines,
1772 499 1965 573 quos
2031 470 2258 575 'ipsos
2343 478 2700 552 evitaturi

588 614 806 675 erant
855 623 1111 692 senes;
1158 633 1163 639 ·
1200 611 1427 697 poeta
1496 599 2099 694 dithyrambieus
2121 652 2144 689 ,
2211 600 2338 696 qui
2389 600 2704 674 tumidis

590 723 844 799 verbis
909 723 1210 797 extollit
1275 743 1556 796 novam
1632 722 1896 797 urbem
1965 736 2058 795 et
2117 724 2443 797 amiculo
2494 725 2692 797 tuni-

595 869 829 943 caque
883 844 1208 919 donatus
1263 845 1463 932 abit3
1540 843 1893 920 fatidicus
1964 842 2275 940 quidam
2328 845 2696 934 insolens,

595 964 864 1042 Meton
913 958 1348 1061 geometra,
1399 969 1786 1064 inspector
1835 964 2400 1057 clandestinus,
2449 966 2697 1060 legum

591 1091 951 1188 propola,
1012 1091 1142 1186 qui
1194 1112 1464 1163 omnes
1515 1093 1718 1162 inter
1753 1110 2159 1161 summum
2224 1091 2462 1162 risum
2533 1112 2696 1185 spe-

576 1214 961 1312 ,ctantium
1015 1225 1096 1289 et
1145 1214 1346 1285 male
1395 1213 1722 1289 mulcati,
1775 1209 1872 1293 de
1922 1233 2151 1283 scena
2202 1209 2699 1284 exturbantur

597 1333 703 1427 (v.
759 1339 1024 1406 904-
1054 1335 1307 1428 1055).
1402 1310 1709 1413 ‚Dehine
1739 1334 2064 1404 ›intrant
2125 1329 2355 1404 aedes
2406 1332 2702 1405 Pisthe-

597 1468 854 1530 taerus
895 1469 974 1527 et
1009 1453 1365 1528 sacerdos
1412 1453 1511 1527 ad
1554 1476 1768 1528 sacra
1805 1455 1951 1526 rite
1979 1451 2456 1548 perficienda,
2500 1455 2704 1527 inter

595 1598 790 1675 quae
839 1598 1142 1651 carmen
1193 1574 1496 1651 auditur
1546 1574 1641 1648 d'e
1690 1577 1853 1650 vita
1897 1584 2053 1677 'qua
2092 1573 2476 1670 gaudeant
2510 1597 2692 1650 aves

597 1701 813 1774 suavi
887 1722 975 1771 ac
1039 1698 1266 1772 felici.
1367 1698 1845 1774 Pisthetaero
1923 1696 2172 1771 denuo
2236 1700 2319 1770 in
2394 1719 2697 1770 scenam

596 1841 901 1913 egresso
955 1818 1176 1894 adest
1223 1822 1560 1907 nuntius,
1610 1822 1739 1916 qui
1788 1821 1942 1893 late
1978 1818 2377 1916 lepideque
2413 1817 2692 1893 descri-

540 1936 743 2031 'bit,
819 1954 1105 2038 quanta
1169 1965 1336 2015 cum
1405 1953 1567 2015 arte
1632 1954 1708 2015 et
1773 1964 2001 2038 quam
2076 1945 2271 2014 mira
2321 1942 2698 2019 eeleritate

588 2065 1044 2160 perfecerint
1114 2065 1453 2138 aviculae
1522 2067 1906 2157 ingentem
1991 2084 2304 2160 operum
2373 2065 2695 2150 molem3

590 2188 759 2283 ipse
832 2185 1347 2260 Pisthetaerus
1417 2189 1784 2261 maxima.
1830 2186 2303 2281 perfunditur
2368 2185 2694 2260 admira-

593 2309 807 2381 tione
882 2321 960 2382 et
1043 2331 1263 2404 aegre
1334 2308 1432 2382 ad
1521 2284 2010 2384 eredendum*
2059 2322 2316 2419 potest
2380 2308 2690 2397 adduci3

591 2451 664 2504 v,
719 2437 912 2509 1166
964 2450 1074 2529 sq.
1189 2456 1193 2460 ’

691 2557 1055 2624 ΠΕΙΣΘ.
1103 2553 1194 2654 νή
1247 2553 1414 2647 τούς
1459 2554 1672 2644 θεοὺς
1719 2532 1966 2654 ἔγωγέ·
2018 2553 2143 2626 ndi
2185 2554 2338 2655 γάρ
2388 2552 2632 2640 ἄξιον,

1114 2672 1246 2748 ἴσα
1269 2700 1420 2775 γαρ
1457 2674 1769 2774 άληθῶς
1794 2674 2140 2769 φαίνεταί
2166 2699 2302 2762 μοι
2333 2669 2691 2766 ψεύδεσιν.

591 2797 698 2874 At
729 2788 1074 2872 turbatur
1102 2798 1290 2871 haee
1313 2796 1757 2871 laetibunda
1774 2795 2183 2903 admiratie
2207 2798 2485 2870 infesto
2510 2820 2702 2893 quw.

592 2918 769 2998 dam
813 2942 1011 2996 casu.
1116 2920 1246 2991 Dii
1288 2922 1647 2993 nimirum
1680 2941 1909 3015 quum
1944 2919 2131 2996 urbe
2156 2890 2254 2992 ab
2297 2918 2563 2992 avibus
2606 2919 2686 2993 iu

590 3065 766 3116 aere
798 3040 1106 3116 condita
1150 3043 1542 3116 interclusi
1574 3054 1834 3114 essent
1863 3065 1909 3114 a
1948 3044 2168 3115 terris
2216 3065 2355 3113 nec
2397 3043 2554 3113 iam
2593 3037 2694 3111 ad

588 3185 725 3235 eos
796 3175 1275 3254 assurgerent
1334 3164 1814 3236 victimarum
1874 3163 2187 3250 odores,
2279 3161 2696 3259 demittunt
2741 3236 2792 3255 ,-

587 3281 835 3373 Irida,
889 3304 1082 3380 quae
1123 3286 1485 3358 mortales
1522 3284 1936 3359 admoneat
1961 3276 2179 3358 officii
2211 3307 2689 3381 ergassupre*

589 3430 761 3479 mos
794 3429 1076 3503 eosque
1110 3402 1584 3503 impellat‘ad
1615 3405 2289 3486 ovesmactandas.
2344 3408 2484 3484 Illa
2505 3430 2696 3480 vem

589 3551 748 3600 non
776 3543 1028 3623 potest
1054 3533 1201 3603 nisi
1221 3554 1351 3626 per
1378 3533 1631 3603 avium
1663 3554 1908 3602 arcem
1927 3531 2189 3605 volare
2217 3528 2311 3607 ad
2336 3530 2710 3601 homines·

587 3650 847 3746 ibique
888 3650 1541 3746 capta'adducitnr
1577 3651 1679 3723 ad
1707 3634 2294 3738 -Pisthetaerunn,
2340 3651 2477 3724 abs
2513 3674 2697 3746 quo,

585 3771 766 3847 licet
812 3774 1143 3845 minetur
1190 3797 1454 3866 graves
1510 3772 1823 3847 deorum
1876 3776 2031 3848 iras
2083 3798 2155 3850 v.
2211 3780 2406 3847 1238·
2453 3796 2602 3873 sq.:

882 3891 941 3968 ὦ
990 3894 1199 3997 μῶρε
1245 3894 1455 3996 μῶρε
1500 3898 1613 3996 μή
1667 3894 1861 3969 θεῶν
1910 3909 2086 3969 κινεῖ
2134 3890 2403 3998 φρένας

886 4016 1111 4109 ὁεινάς
1166 4063 1251 4077 ·--
