<?xml version="1.0" encoding="UTF-8"?>
<!DOCTYPE html PUBLIC "-//W3C//DTD XHTML 1.0 Transitional//EN"
    "http://www.w3.org/TR/xhtml1/DTD/xhtml1-transitional.dtd">
<html xmlns="http://www.w3.org/1999/xhtml" xml:lang="en" lang="en">
 <head>
  <title>
</title>
<meta http-equiv="Content-Type" content="text/html;charset=utf-8" />
  <meta name='ocr-system' content='tesseract 3.04.00' />
  <meta name='ocr-capabilities' content='ocr_page ocr_carea ocr_par ocr_line ocrx_word'/>
</head>
<body>
  <div class='ocr_page' id='page_1' title='image "./commentatiodear00thomgoog_0051.png"; bbox 0 0 3025 4609; ppageno 0'>
   <div class='ocr_carea' id='block_1_1' title="bbox 1414 291 1509 361">
    <p class='ocr_par' dir='ltr' id='par_1_1' title="bbox 1414 291 1509 361">
     <span class='ocr_line' id='line_1_1' title="bbox 1414 291 1509 361; baseline 0 0"><span class='ocrx_word' id='word_1_1' title='bbox 1414 291 1509 361; x_wconf 81' lang='lat'><strong>43</strong></span> 
     </span>
    </p>
   </div>
   <div class='ocr_carea' id='block_1_2' title="bbox 391 479 2574 3617">
    <p class='ocr_par' dir='ltr' id='par_1_2' title="bbox 391 479 2574 3495">
     <span class='ocr_line' id='line_1_2' title="bbox 401 479 2499 585; baseline -0 -27"><span class='ocrx_word' id='word_1_2' title='bbox 401 483 936 581; x_wconf 70' lang='lat' dir='ltr'><strong>perversitates</strong></span> <span class='ocrx_word' id='word_1_3' title='bbox 1002 496 1082 556; x_wconf 88' lang='lat' dir='ltr'><strong>et</strong></span> <span class='ocrx_word' id='word_1_4' title='bbox 1144 484 1421 557; x_wconf 82' lang='lat' dir='ltr'><strong>civium</strong></span> <span class='ocrx_word' id='word_1_5' title='bbox 1504 481 1696 576; x_wconf 69' lang='lat' dir='ltr'><strong>vitia</strong></span> <span class='ocrx_word' id='word_1_6' title='bbox 1756 479 2175 562; x_wconf 81' lang='lat' dir='ltr'><strong>deridenda</strong></span> <span class='ocrx_word' id='word_1_7' title='bbox 2244 487 2499 585; x_wconf 88' lang='lat' dir='ltr'><strong>propi-</strong></span> 
     </span>
     <span class='ocr_line' id='line_1_3' title="bbox 401 603 2504 700; baseline 0 -20"><span class='ocrx_word' id='word_1_8' title='bbox 401 609 617 680; x_wconf 81' lang='lat' dir='ltr'><strong>navit</strong></span> <span class='ocrx_word' id='word_1_9' title='bbox 665 608 746 679; x_wconf 93' lang='lat' dir='ltr'><strong>in</strong></span> <span class='ocrx_word' id='word_1_10' title='bbox 798 604 1412 679; x_wconf 82' lang='lat' dir='ltr'><strong>Acharnensibns</strong></span> <span class='ocrx_word' id='word_1_11' title='bbox 1463 603 1584 678; x_wconf 83' lang='lat' dir='ltr'><strong>vel</strong></span> <span class='ocrx_word' id='word_1_12' title='bbox 1632 604 2081 700; x_wconf 85' lang='lat' dir='ltr'><strong>Equitibus,</strong></span> <span class='ocrx_word' id='word_1_13' title='bbox 2151 609 2306 682; x_wconf 89' lang='lat' dir='ltr'><strong>alia</strong></span> <span class='ocrx_word' id='word_1_14' title='bbox 2371 606 2504 680; x_wconf 44' lang='lat' dir='ltr'><strong>dea</strong></span> 
     </span>
     <span class='ocr_line' id='line_1_4' title="bbox 403 719 2500 822; baseline 0 -22"><span class='ocrx_word' id='word_1_15' title='bbox 403 726 570 802; x_wconf 84' lang='lat' dir='ltr'><strong>buit</strong></span> <span class='ocrx_word' id='word_1_16' title='bbox 617 730 744 804; x_wconf 79' lang='lat' dir='ltr'><strong>via</strong></span> <span class='ocrx_word' id='word_1_17' title='bbox 792 724 1143 799; x_wconf 76' lang='lat' dir='ltr'><strong>incedere</strong></span> <span class='ocrx_word' id='word_1_18' title='bbox 1194 719 1656 822; x_wconf 87' lang='lat' dir='ltr'><strong>eademque,</strong></span> <span class='ocrx_word' id='word_1_19' title='bbox 1727 727 1840 799; x_wconf 80' lang='lat' dir='ltr'><strong>uti</strong></span> <span class='ocrx_word' id='word_1_20' title='bbox 1915 729 2102 800; x_wconf 86' lang='lat' dir='ltr'><strong>mihi</strong></span> <span class='ocrx_word' id='word_1_21' title='bbox 2173 728 2500 817; x_wconf 80' lang='lat' dir='ltr'><strong>videtur,</strong></span> 
     </span>
     <span class='ocr_line' id='line_1_5' title="bbox 402 848 2506 950; baseline -0.001 -26"><span class='ocrx_word' id='word_1_22' title='bbox 402 851 646 924; x_wconf 69' lang='lat' dir='ltr'><strong>anuto</strong></span> <span class='ocrx_word' id='word_1_23' title='bbox 700 849 934 945; x_wconf 76' lang='lat' dir='ltr'><strong>priori</strong></span> <span class='ocrx_word' id='word_1_24' title='bbox 983 848 1458 946; x_wconf 87' lang='lat' dir='ltr'><strong>impeditiori</strong></span> <span class='ocrx_word' id='word_1_25' title='bbox 1503 870 1846 950; x_wconf 86' lang='lat' dir='ltr'><strong>quaeque</strong></span> <span class='ocrx_word' id='word_1_26' title='bbox 1880 863 2109 924; x_wconf 79' lang='lat' dir='ltr'><strong>antea</strong></span> <span class='ocrx_word' id='word_1_27' title='bbox 2138 852 2272 924; x_wconf 82' lang='lat' dir='ltr'><strong>vix</strong></span> <span class='ocrx_word' id='word_1_28' title='bbox 2297 862 2506 924; x_wconf 87' lang='lat' dir='ltr'><strong>esset</strong></span> 
     </span>
     <span class='ocr_line' id='line_1_6' title="bbox 403 972 2504 1069; baseline 0 -23"><span class='ocrx_word' id='word_1_29' title='bbox 403 973 691 1046; x_wconf 81' lang='lat' dir='ltr'><strong>calcata</strong></span> <span class='ocrx_word' id='word_1_30' title='bbox 739 983 817 1043; x_wconf 88' lang='lat' dir='ltr'><strong>et</strong></span> <span class='ocrx_word' id='word_1_31' title='bbox 866 993 1130 1065; x_wconf 86' lang='lat' dir='ltr'><strong>parum</strong></span> <span class='ocrx_word' id='word_1_32' title='bbox 1178 974 1498 1045; x_wconf 82' lang='lat' dir='ltr'><strong>munita.</strong></span> <span class='ocrx_word' id='word_1_33' title='bbox 1601 972 1797 1047; x_wconf 89' lang='lat' dir='ltr'><strong>Nam</strong></span> <span class='ocrx_word' id='word_1_34' title='bbox 1849 995 2079 1069; x_wconf 90' lang='lat' dir='ltr'><strong>quum</strong></span> <span class='ocrx_word' id='word_1_35' title='bbox 2129 973 2504 1069; x_wconf 80' lang='lat' dir='ltr'><strong>superiori</strong></span> 
     </span>
     <span class='ocr_line' id='line_1_7' title="bbox 403 1071 2574 1190; baseline 0 -22"><span class='ocrx_word' id='word_1_36' title='bbox 403 1107 746 1190; x_wconf 86' lang='lat' dir='ltr'><strong>tempore</strong></span> <span class='ocrx_word' id='word_1_37' title='bbox 818 1094 900 1164; x_wconf 88' lang='lat' dir='ltr'><strong>in</strong></span> <span class='ocrx_word' id='word_1_38' title='bbox 974 1116 1068 1166; x_wconf 88' lang='lat' dir='ltr'><strong>eo</strong></span> <span class='ocrx_word' id='word_1_39' title='bbox 1138 1107 1570 1167; x_wconf 85' lang='lat' dir='ltr'><strong>cerneretur</strong></span> <span class='ocrx_word' id='word_1_40' title='bbox 1618 1097 1886 1167; x_wconf 87' lang='lat' dir='ltr'><strong>comici</strong></span> <span class='ocrx_word' id='word_1_41' title='bbox 1940 1093 2212 1189; x_wconf 84' lang='lat' dir='ltr'><strong>poetae</strong></span> <span class='ocrx_word' id='word_1_42' title='bbox 2239 1089 2504 1168; x_wconf 73' lang='lat' dir='ltr'><strong>-virtus</strong></span> <span class='ocrx_word' id='word_1_43' title='bbox 2553 1071 2574 1096; x_wconf 45' lang='lat' dir='ltr'><em>f</em></span> 
     </span>
     <span class='ocr_line' id='line_1_8' title="bbox 402 1206 2506 1312; baseline -0.001 -24"><span class='ocrx_word' id='word_1_44' title='bbox 402 1227 630 1310; x_wconf 77' lang='lat' dir='ltr'><strong>atque</strong></span> <span class='ocrx_word' id='word_1_45' title='bbox 682 1206 1110 1305; x_wconf 73' lang='lat' dir='ltr'><strong>ingenium,</strong></span> <span class='ocrx_word' id='word_1_46' title='bbox 1185 1228 1272 1289; x_wconf 87' lang='lat' dir='ltr'><strong>nt</strong></span> <span class='ocrx_word' id='word_1_47' title='bbox 1333 1236 1528 1312; x_wconf 86' lang='lat' dir='ltr'><strong>quae</strong></span> <span class='ocrx_word' id='word_1_48' title='bbox 1578 1217 1653 1288; x_wconf 88' lang='lat' dir='ltr'><strong>ei</strong></span> <span class='ocrx_word' id='word_1_49' title='bbox 1704 1215 2240 1312; x_wconf 79' lang='lat' dir='ltr'><strong>suppeditabat</strong></span> <span class='ocrx_word' id='word_1_50' title='bbox 2289 1236 2506 1311; x_wconf 87' lang='lat' dir='ltr'><strong>prae-</strong></span> 
     </span>
     <span class='ocr_line' id='line_1_9' title="bbox 403 1334 2511 1438; baseline 0 -28"><span class='ocrx_word' id='word_1_51' title='bbox 403 1338 645 1424; x_wconf 73' lang='lat' dir='ltr'><strong>sentis</strong></span> <span class='ocrx_word' id='word_1_52' title='bbox 728 1338 1093 1432; x_wconf 85' lang='lat' dir='ltr'><strong>temporis</strong></span> <span class='ocrx_word' id='word_1_53' title='bbox 1161 1340 1400 1426; x_wconf 83' lang='lat' dir='ltr'><strong>ratio,</strong></span> <span class='ocrx_word' id='word_1_54' title='bbox 1468 1362 1587 1438; x_wconf 25' lang='lat' dir='ltr'><strong>,ea</strong></span> <span class='ocrx_word' id='word_1_55' title='bbox 1657 1338 1789 1431; x_wconf 74' lang='lat' dir='ltr'><strong>iile</strong></span> <span class='ocrx_word' id='word_1_56' title='bbox 1882 1342 2070 1414; x_wconf 79' lang='lat' dir='ltr'><strong>scite</strong></span> <span class='ocrx_word' id='word_1_57' title='bbox 2143 1334 2511 1431; x_wconf 78' lang='lat' dir='ltr'><strong>deligeret</strong></span> 
     </span>
     <span class='ocr_line' id='line_1_10' title="bbox 403 1458 2507 1555; baseline -0 -24"><span class='ocrx_word' id='word_1_58' title='bbox 403 1471 629 1554; x_wconf 89' lang='lat' dir='ltr'><strong>atque</strong></span> <span class='ocrx_word' id='word_1_59' title='bbox 681 1458 841 1531; x_wconf 88' lang='lat' dir='ltr'><strong>sale</strong></span> <span class='ocrx_word' id='word_1_60' title='bbox 888 1458 1337 1553; x_wconf 77' lang='lat' dir='ltr'><strong>facetiisque</strong></span> <span class='ocrx_word' id='word_1_61' title='bbox 1387 1461 1633 1532; x_wconf 81' lang='lat' dir='ltr'><strong>offusa</strong></span> <span class='ocrx_word' id='word_1_62' title='bbox 1668 1458 2114 1555; x_wconf 83' lang='lat' dir='ltr'><strong>produceret</strong></span> <span class='ocrx_word' id='word_1_63' title='bbox 2146 1462 2229 1531; x_wconf 88' lang='lat' dir='ltr'><strong>in</strong></span> <span class='ocrx_word' id='word_1_64' title='bbox 2257 1458 2507 1555; x_wconf 90' lang='lat' dir='ltr'><strong>publi-</strong></span> 
     </span>
     <span class='ocr_line' id='line_1_11' title="bbox 399 1580 2509 1672; baseline -0.001 -17"><span class='ocrx_word' id='word_1_65' title='bbox 399 1603 568 1655; x_wconf 90' lang='lat' dir='ltr'><strong>cum</strong></span> <span class='ocrx_word' id='word_1_66' title='bbox 596 1625 625 1669; x_wconf 89' lang='lat'><strong>,-</strong></span> <span class='ocrx_word' id='word_1_67' title='bbox 687 1582 845 1651; x_wconf 87' lang='lat' dir='ltr'><strong>iam</strong></span> <span class='ocrx_word' id='word_1_68' title='bbox 898 1580 1178 1672; x_wconf 85' lang='lat' dir='ltr'><strong>triplex</strong></span> <span class='ocrx_word' id='word_1_69' title='bbox 1226 1594 1393 1653; x_wconf 88' lang='lat' dir='ltr'><strong>erat</strong></span> <span class='ocrx_word' id='word_1_70' title='bbox 1457 1580 1763 1652; x_wconf 86' lang='lat' dir='ltr'><strong>illorum</strong></span> <span class='ocrx_word' id='word_1_71' title='bbox 1836 1580 2171 1653; x_wconf 77' lang='lat' dir='ltr'><strong>officium</strong></span> <span class='ocrx_word' id='word_1_72' title='bbox 2196 1632 2219 1668; x_wconf 90' lang='lat'><strong>,</strong></span> <span class='ocrx_word' id='word_1_73' title='bbox 2294 1581 2509 1652; x_wconf 80' lang='lat' dir='ltr'><strong>inve-</strong></span> 
     </span>
     <span class='ocr_line' id='line_1_12' title="bbox 396 1700 2510 1798; baseline 0 -24"><span class='ocrx_word' id='word_1_74' title='bbox 396 1700 657 1774; x_wconf 84' lang='lat' dir='ltr'><strong>niendi</strong></span> <span class='ocrx_word' id='word_1_75' title='bbox 708 1721 870 1772; x_wconf 90' lang='lat' dir='ltr'><strong>rem</strong></span> <span class='ocrx_word' id='word_1_76' title='bbox 922 1714 1180 1796; x_wconf 85' lang='lat' dir='ltr'><strong>aptam</strong></span> <span class='ocrx_word' id='word_1_77' title='bbox 1230 1722 1319 1773; x_wconf 83' lang='lat' dir='ltr'><strong>ac</strong></span> <span class='ocrx_word' id='word_1_78' title='bbox 1369 1713 1685 1774; x_wconf 88' lang='lat' dir='ltr'><strong>naturae</strong></span> <span class='ocrx_word' id='word_1_79' title='bbox 1753 1723 2078 1798; x_wconf 82' lang='lat' dir='ltr'><strong>poeseos</strong></span> <span class='ocrx_word' id='word_1_80' title='bbox 2148 1702 2510 1774; x_wconf 80' lang='lat' dir='ltr'><strong>conveni-</strong></span> 
     </span>
     <span class='ocr_line' id='line_1_13' title="bbox 401 1819 2512 1924; baseline 0 -31"><span class='ocrx_word' id='word_1_81' title='bbox 401 1836 684 1908; x_wconf 85' lang='lat' dir='ltr'><strong>entem,</strong></span> <span class='ocrx_word' id='word_1_82' title='bbox 734 1843 905 1924; x_wconf 76' lang='lat' dir='ltr'><strong>eam</strong></span> <span class='ocrx_word' id='word_1_83' title='bbox 958 1821 1283 1896; x_wconf 87' lang='lat' dir='ltr'><strong>ornandi</strong></span> <span class='ocrx_word' id='word_1_84' title='bbox 1333 1822 1588 1920; x_wconf 92' lang='lat' dir='ltr'><strong>lepide</strong></span> <span class='ocrx_word' id='word_1_85' title='bbox 1637 1847 1726 1898; x_wconf 90' lang='lat' dir='ltr'><strong>ac</strong></span> <span class='ocrx_word' id='word_1_86' title='bbox 1775 1836 1992 1898; x_wconf 81' lang='lat' dir='ltr'><strong>cante</strong></span> <span class='ocrx_word' id='word_1_87' title='bbox 2039 1819 2512 1910; x_wconf 72' lang='lat' dir='ltr'><strong>involvendi,</strong></span> 
     </span>
     <span class='ocr_line' id='line_1_14' title="bbox 401 1935 2514 2041; baseline 0 -25"><span class='ocrx_word' id='word_1_88' title='bbox 401 1935 729 2041; x_wconf 85' lang='lat' dir='ltr'><strong>denique</strong></span> <span class='ocrx_word' id='word_1_89' title='bbox 801 1942 1188 2017; x_wconf 87' lang='lat' dir='ltr'><strong>inserendi</strong></span> <span class='ocrx_word' id='word_1_90' title='bbox 1255 1946 1389 2018; x_wconf 42' lang='lat' dir='ltr'><strong>uti*</strong></span> <span class='ocrx_word' id='word_1_91' title='bbox 1445 1945 1755 2020; x_wconf 80' lang='lat' dir='ltr'><strong>acerbas</strong></span> <span class='ocrx_word' id='word_1_92' title='bbox 1807 1947 2350 2037; x_wconf 79' lang='lat' dir='ltr'><strong>castigationes</strong></span> <span class='ocrx_word' id='word_1_93' title='bbox 2399 1946 2514 2016; x_wconf 84' lang='lat' dir='ltr'><strong>ita</strong></span> 
     </span>
     <span class='ocr_line' id='line_1_15' title="bbox 402 2061 2508 2164; baseline 0 -28"><span class='ocrx_word' id='word_1_94' title='bbox 402 2067 738 2138; x_wconf 85' lang='lat' dir='ltr'><strong>carmina</strong></span> <span class='ocrx_word' id='word_1_95' title='bbox 768 2065 1045 2140; x_wconf 81' lang='lat' dir='ltr'><strong>vividis</strong></span> <span class='ocrx_word' id='word_1_96' title='bbox 1087 2069 1271 2139; x_wconf 88' lang='lat' dir='ltr'><strong>artis</strong></span> <span class='ocrx_word' id='word_1_97' title='bbox 1308 2068 1746 2164; x_wconf 79' lang='lat' dir='ltr'><strong>ingeniique</strong></span> <span class='ocrx_word' id='word_1_98' title='bbox 1769 2061 2081 2141; x_wconf 82' lang='lat' dir='ltr'><strong>floribus</strong></span> <span class='ocrx_word' id='word_1_99' title='bbox 2109 2064 2508 2154; x_wconf 78' lang='lat' dir='ltr'><strong>distincta&#39;3</strong></span> 
     </span>
     <span class='ocr_line' id='line_1_16' title="bbox 397 2185 2566 2282; baseline 0.002 -27"><span class='ocrx_word' id='word_1_100' title='bbox 397 2185 671 2282; x_wconf 84' lang='lat' dir='ltr'><strong>quibus</strong></span> <span class='ocrx_word' id='word_1_101' title='bbox 724 2188 1130 2279; x_wconf 81' lang='lat' dir='ltr'><strong>postulatis</strong></span> <span class='ocrx_word' id='word_1_102' title='bbox 1184 2186 1542 2261; x_wconf 88' lang='lat' dir='ltr'><strong>omnibus</strong></span> <span class='ocrx_word' id='word_1_103' title='bbox 1593 2190 1884 2281; x_wconf 79' lang='lat' dir='ltr'><strong>egregie</strong></span> <span class='ocrx_word' id='word_1_104' title='bbox 1940 2188 2313 2262; x_wconf 81' lang='lat' dir='ltr'><strong>satisfecit</strong></span> <span class='ocrx_word' id='word_1_105' title='bbox 2340 2186 2511 2260; x_wconf 88' lang='lat' dir='ltr'><strong>Ari-</strong></span> <span class='ocrx_word' id='word_1_106' title='bbox 2555 2213 2566 2220; x_wconf 90' lang='lat'><strong>·</strong></span> 
     </span>
     <span class='ocr_line' id='line_1_17' title="bbox 394 2304 2514 2408; baseline 0.001 -29"><span class='ocrx_word' id='word_1_107' title='bbox 394 2306 807 2403; x_wconf 69' lang='lat' dir='ltr'><strong>stephanos</strong></span> <span class='ocrx_word' id='word_1_108' title='bbox 887 2308 967 2379; x_wconf 89' lang='lat' dir='ltr'><strong>in</strong></span> <span class='ocrx_word' id='word_1_109' title='bbox 1041 2329 1132 2380; x_wconf 90' lang='lat' dir='ltr'><strong>ea</strong></span> <span class='ocrx_word' id='word_1_110' title='bbox 1205 2304 1302 2378; x_wconf 91' lang='lat' dir='ltr'><strong>de</strong></span> <span class='ocrx_word' id='word_1_111' title='bbox 1336 2343 1347 2356; x_wconf 85' lang='lat'><em>·</em></span> <span class='ocrx_word' id='word_1_112' title='bbox 1378 2330 1528 2404; x_wconf 88' lang='lat' dir='ltr'><strong>qua</strong></span> <span class='ocrx_word' id='word_1_113' title='bbox 1580 2309 1873 2399; x_wconf 84' lang='lat' dir='ltr'><strong>agimus</strong></span> <span class='ocrx_word' id='word_1_114' title='bbox 1926 2307 2205 2408; x_wconf 64' lang='lat' dir='ltr'><strong>fabula.</strong></span> <span class='ocrx_word' id='word_1_115' title='bbox 2314 2307 2514 2381; x_wconf 82' lang='lat' dir='ltr'><strong>Nam</strong></span> 
     </span>
     <span class='ocr_line' id='line_1_18' title="bbox 395 2429 2516 2523; baseline 0 -23"><span class='ocrx_word' id='word_1_116' title='bbox 395 2429 559 2500; x_wconf 85' lang='lat' dir='ltr'><strong>sive</strong></span> <span class='ocrx_word' id='word_1_117' title='bbox 609 2429 1038 2523; x_wconf 75' lang='lat' dir='ltr'><strong>spectamus</strong></span> <span class='ocrx_word' id='word_1_118' title='bbox 1093 2431 1786 2502; x_wconf 73' lang='lat' dir='ltr'><strong>inventinaturam</strong></span> <span class='ocrx_word' id='word_1_119' title='bbox 1841 2443 1917 2500; x_wconf 85' lang='lat' dir='ltr'><strong>et</strong></span> <span class='ocrx_word' id='word_1_120' title='bbox 1962 2429 2267 2501; x_wconf 87' lang='lat' dir='ltr'><strong>consilii</strong></span> <span class='ocrx_word' id='word_1_121' title='bbox 2316 2431 2516 2501; x_wconf 83' lang='lat' dir='ltr'><strong>veri·-</strong></span> 
     </span>
     <span class='ocr_line' id='line_1_19' title="bbox 393 2549 2518 2647; baseline 0 -26"><span class='ocrx_word' id='word_1_122' title='bbox 393 2553 656 2637; x_wconf 78' lang='lat' dir='ltr'><strong>tate‘m,</strong></span> <span class='ocrx_word' id='word_1_123' title='bbox 711 2551 879 2623; x_wconf 83' lang='lat' dir='ltr'><strong>sive</strong></span> <span class='ocrx_word' id='word_1_124' title='bbox 932 2549 1335 2626; x_wconf 83' lang='lat' dir='ltr'><strong>verborum</strong></span> <span class='ocrx_word' id='word_1_125' title='bbox 1388 2564 1468 2623; x_wconf 83' lang='lat' dir='ltr'><strong>et</strong></span> <span class='ocrx_word' id='word_1_126' title='bbox 1515 2572 1770 2625; x_wconf 87' lang='lat' dir='ltr'><strong>rerum</strong></span> <span class='ocrx_word' id='word_1_127' title='bbox 1803 2563 2254 2622; x_wconf 88' lang='lat' dir='ltr'><strong>ornamenta</strong></span> <span class='ocrx_word' id='word_1_128' title='bbox 2287 2562 2518 2647; x_wconf 88' lang='lat' dir='ltr'><strong>atque</strong></span> 
     </span>
     <span class='ocr_line' id='line_1_20' title="bbox 399 2673 2518 2769; baseline 0 -26"><span class='ocrx_word' id='word_1_129' title='bbox 399 2683 667 2760; x_wconf 87' lang='lat' dir='ltr'><strong>artem,</strong></span> <span class='ocrx_word' id='word_1_130' title='bbox 720 2695 869 2766; x_wconf 90' lang='lat' dir='ltr'><strong>qua</strong></span> <span class='ocrx_word' id='word_1_131' title='bbox 908 2687 1042 2746; x_wconf 91' lang='lat' dir='ltr'><strong>aut</strong></span> <span class='ocrx_word' id='word_1_132' title='bbox 1064 2688 1261 2747; x_wconf 88' lang='lat' dir='ltr'><strong>tecte</strong></span> <span class='ocrx_word' id='word_1_133' title='bbox 1311 2674 1759 2769; x_wconf 83' lang='lat' dir='ltr'><strong>perstrinxit</strong></span> <span class='ocrx_word' id='word_1_134' title='bbox 1799 2673 2074 2743; x_wconf 85' lang='lat' dir='ltr'><strong>aetatis</strong></span> <span class='ocrx_word' id='word_1_135' title='bbox 2111 2693 2296 2745; x_wconf 88' lang='lat' dir='ltr'><strong>suae</strong></span> <span class='ocrx_word' id='word_1_136' title='bbox 2323 2673 2518 2744; x_wconf 80' lang='lat' dir='ltr'><strong>vitia</strong></span> 
     </span>
     <span class='ocr_line' id='line_1_21' title="bbox 395 2787 2558 2886; baseline -0 -23"><span class='ocrx_word' id='word_1_137' title='bbox 395 2804 527 2865; x_wconf 87' lang='lat' dir='ltr'><strong>aut</strong></span> <span class='ocrx_word' id='word_1_138' title='bbox 592 2793 910 2886; x_wconf 88' lang='lat' dir='ltr'><strong>impune</strong></span> <span class='ocrx_word' id='word_1_139' title='bbox 983 2795 1231 2885; x_wconf 87' lang='lat' dir='ltr'><strong>tangit</strong></span> <span class='ocrx_word' id='word_1_140' title='bbox 1304 2793 1776 2884; x_wconf 85' lang='lat' dir='ltr'><strong>singulorum</strong></span> <span class='ocrx_word' id='word_1_141' title='bbox 1829 2787 2301 2879; x_wconf 80' lang='lat' dir='ltr'><strong>vecordiam,</strong></span> <span class='ocrx_word' id='word_1_142' title='bbox 2353 2792 2558 2863; x_wconf 58' lang='lat' dir='ltr'><strong>sive*</strong></span> 
     </span>
     <span class='ocr_line' id='line_1_22' title="bbox 398 2910 2516 3009; baseline -0 -25"><span class='ocrx_word' id='word_1_143' title='bbox 398 2910 724 3009; x_wconf 82' lang='lat' dir='ltr'><strong>deniqne</strong></span> <span class='ocrx_word' id='word_1_144' title='bbox 790 2915 1243 3009; x_wconf 84' lang='lat' dir='ltr'><strong>respicimus</strong></span> <span class='ocrx_word' id='word_1_145' title='bbox 1314 2934 1453 3000; x_wconf 87' lang='lat' dir='ltr'><strong>ea,</strong></span> <span class='ocrx_word' id='word_1_146' title='bbox 1532 2933 1727 3008; x_wconf 87' lang='lat' dir='ltr'><strong>quae</strong></span> <span class='ocrx_word' id='word_1_147' title='bbox 1804 2922 2113 3006; x_wconf 84' lang='lat' dir='ltr'><strong>propter</strong></span> <span class='ocrx_word' id='word_1_148' title='bbox 2187 2932 2516 3005; x_wconf 83' lang='lat' dir='ltr'><strong>poeseos</strong></span> 
     </span>
     <span class='ocr_line' id='line_1_23' title="bbox 391 3032 2519 3121; baseline 0 -16"><span class='ocrx_word' id='word_1_149' title='bbox 391 3032 623 3108; x_wconf 86' lang='lat' dir='ltr'><strong>decus</strong></span> <span class='ocrx_word' id='word_1_150' title='bbox 687 3048 766 3108; x_wconf 89' lang='lat' dir='ltr'><strong>et</strong></span> <span class='ocrx_word' id='word_1_151' title='bbox 816 3035 1364 3108; x_wconf 80' lang='lat' dir='ltr'><strong>sublimitatem</strong></span> <span class='ocrx_word' id='word_1_152' title='bbox 1418 3035 1752 3106; x_wconf 82' lang='lat' dir='ltr'><strong>retinent</strong></span> <span class='ocrx_word' id='word_1_153' title='bbox 1822 3035 2168 3121; x_wconf 84' lang='lat' dir='ltr'><strong>animos,</strong></span> <span class='ocrx_word' id='word_1_154' title='bbox 2254 3033 2519 3106; x_wconf 81' lang='lat' dir='ltr'><strong>omnia</strong></span> 
     </span>
     <span class='ocr_line' id='line_1_24' title="bbox 397 3135 2518 3253; baseline -0 -25"><span class='ocrx_word' id='word_1_155' title='bbox 397 3156 493 3229; x_wconf 85' lang='lat' dir='ltr'><strong>ab</strong></span> <span class='ocrx_word' id='word_1_156' title='bbox 544 3135 901 3231; x_wconf 79' lang='lat' dir='ltr'><strong>omnibus</strong></span> <span class='ocrx_word' id='word_1_157' title='bbox 958 3158 1299 3252; x_wconf 86' lang='lat' dir='ltr'><strong>partibus</strong></span> <span class='ocrx_word' id='word_1_158' title='bbox 1372 3160 1482 3230; x_wconf 87' lang='lat' dir='ltr'><strong>sic</strong></span> <span class='ocrx_word' id='word_1_159' title='bbox 1550 3168 1724 3229; x_wconf 89' lang='lat' dir='ltr'><strong>sunt</strong></span> <span class='ocrx_word' id='word_1_160' title='bbox 1776 3155 2112 3253; x_wconf 85' lang='lat' dir='ltr'><strong>perfecta</strong></span> <span class='ocrx_word' id='word_1_161' title='bbox 2164 3167 2243 3228; x_wconf 87' lang='lat' dir='ltr'><strong>et</strong></span> <span class='ocrx_word' id='word_1_162' title='bbox 2291 3153 2518 3229; x_wconf 88' lang='lat' dir='ltr'><strong>abso-</strong></span> 
     </span>
     <span class='ocr_line' id='line_1_25' title="bbox 398 3277 2518 3377; baseline -0.002 -25"><span class='ocrx_word' id='word_1_163' title='bbox 398 3292 606 3373; x_wconf 79' lang='lat' dir='ltr'><strong>luta,</strong></span> <span class='ocrx_word' id='word_1_164' title='bbox 659 3291 746 3351; x_wconf 86' lang='lat' dir='ltr'><strong>ut</strong></span> <span class='ocrx_word' id='word_1_165' title='bbox 794 3277 976 3353; x_wconf 87' lang='lat' dir='ltr'><strong>data</strong></span> <span class='ocrx_word' id='word_1_166' title='bbox 1028 3303 1260 3376; x_wconf 84' lang='lat' dir='ltr'><strong>opera</strong></span> <span class='ocrx_word' id='word_1_167' title='bbox 1310 3278 1518 3377; x_wconf 88' lang='lat' dir='ltr'><strong>quod</strong></span> <span class='ocrx_word' id='word_1_168' title='bbox 1572 3295 1648 3355; x_wconf 87' lang='lat' dir='ltr'><strong>te</strong></span> <span class='ocrx_word' id='word_1_169' title='bbox 1702 3293 2042 3352; x_wconf 83' lang='lat' dir='ltr'><strong>moretur</strong></span> <span class='ocrx_word' id='word_1_170' title='bbox 2091 3291 2225 3349; x_wconf 87' lang='lat' dir='ltr'><strong>aut</strong></span> <span class='ocrx_word' id='word_1_171' title='bbox 2282 3278 2518 3347; x_wconf 82' lang='lat' dir='ltr'><strong>offen-</strong></span> 
     </span>
     <span class='ocr_line' id='line_1_26' title="bbox 397 3397 1759 3495; baseline 0 -23"><span class='ocrx_word' id='word_1_172' title='bbox 397 3397 531 3472; x_wconf 78' lang='lat' dir='ltr'><strong>dat</strong></span> <span class='ocrx_word' id='word_1_173' title='bbox 580 3422 814 3495; x_wconf 82' lang='lat' dir='ltr'><strong>queas</strong></span> <span class='ocrx_word' id='word_1_174' title='bbox 869 3402 1057 3473; x_wconf 83' lang='lat' dir='ltr'><strong>nihil</strong></span> <span class='ocrx_word' id='word_1_175' title='bbox 1112 3404 1221 3474; x_wconf 91' lang='lat' dir='ltr'><strong>ibi</strong></span> <span class='ocrx_word' id='word_1_176' title='bbox 1273 3402 1759 3494; x_wconf 82' lang='lat' dir='ltr'><strong>investigare.</strong></span> 
     </span>
    </p>

    <p class='ocr_par' dir='ltr' id='par_1_3' title="bbox 598 3518 2520 3617">
     <span class='ocr_line' id='line_1_27' title="bbox 598 3518 2520 3617; baseline -0.001 -24"><span class='ocrx_word' id='word_1_177' title='bbox 598 3518 1224 3617; x_wconf 75' lang='lat' dir='ltr'><strong>comparaverim</strong></span> <span class='ocrx_word' id='word_1_178' title='bbox 1262 3523 1457 3598; x_wconf 85' lang='lat' dir='ltr'><strong>hanc</strong></span> <span class='ocrx_word' id='word_1_179' title='bbox 1506 3520 1844 3593; x_wconf 81' lang='lat' dir='ltr'><strong>fabulam</strong></span> <span class='ocrx_word' id='word_1_180' title='bbox 1899 3538 2069 3591; x_wconf 77' lang='lat' dir='ltr'><strong>cum</strong></span> <span class='ocrx_word' id='word_1_181' title='bbox 2123 3538 2306 3590; x_wconf 81' lang='lat' dir='ltr'><strong>arvo</strong></span> <span class='ocrx_word' id='word_1_182' title='bbox 2333 3540 2520 3614; x_wconf 87' lang='lat' dir='ltr'><strong>quo-</strong></span> 
     </span>
    </p>
   </div>
   <div class='ocr_carea' id='block_1_3' title="bbox 356 3609 2522 3740">
    <p class='ocr_par' dir='ltr' id='par_1_4' title="bbox 356 3609 2522 3740">
     <span class='ocr_line' id='line_1_28' title="bbox 356 3609 2522 3740; baseline 0 -27"><span class='ocrx_word' id='word_1_183' title='bbox 356 3609 575 3715; x_wconf 34' lang='lat' dir='ltr'><strong>⁶dam</strong></span> <span class='ocrx_word' id='word_1_184' title='bbox 652 3643 857 3715; x_wconf 81' lang='lat' dir='ltr'><strong>laete</strong></span> <span class='ocrx_word' id='word_1_185' title='bbox 930 3643 1212 3740; x_wconf 85' lang='lat' dir='ltr'><strong>ubique</strong></span> <span class='ocrx_word' id='word_1_186' title='bbox 1283 3667 1373 3717; x_wconf 91' lang='lat' dir='ltr'><strong>ac</strong></span> <span class='ocrx_word' id='word_1_187' title='bbox 1450 3664 1809 3739; x_wconf 70' lang='lat' dir='ltr'><strong>prospere</strong></span> <span class='ocrx_word' id='word_1_188' title='bbox 1862 3642 2178 3728; x_wconf 84' lang='lat' dir='ltr'><strong>virenti,</strong></span> <span class='ocrx_word' id='word_1_189' title='bbox 2230 3643 2308 3712; x_wconf 87' lang='lat' dir='ltr'><strong>iu</strong></span> <span class='ocrx_word' id='word_1_190' title='bbox 2363 3663 2522 3737; x_wconf 88' lang='lat' dir='ltr'><strong>quo</strong></span> 
     </span>
    </p>
   </div>
   <div class='ocr_carea' id='block_1_4' title="bbox 395 3761 2606 4132">
    <p class='ocr_par' dir='ltr' id='par_1_5' title="bbox 395 3761 2606 4132">
     <span class='ocr_line' id='line_1_29' title="bbox 395 3761 2516 3860; baseline 0 -25"><span class='ocrx_word' id='word_1_191' title='bbox 395 3785 780 3859; x_wconf 79' lang='lat' dir='ltr'><strong>nusquam</strong></span> <span class='ocrx_word' id='word_1_192' title='bbox 834 3777 1256 3860; x_wconf 82' lang='lat' dir='ltr'><strong>appareant</strong></span> <span class='ocrx_word' id='word_1_193' title='bbox 1306 3779 1580 3860; x_wconf 85' lang='lat' dir='ltr'><strong>tesqua</strong></span> <span class='ocrx_word' id='word_1_194' title='bbox 1625 3776 1703 3837; x_wconf 83' lang='lat' dir='ltr'><strong>et</strong></span> <span class='ocrx_word' id='word_1_195' title='bbox 1753 3777 2105 3859; x_wconf 82' lang='lat' dir='ltr'><strong>aspreta,</strong></span> <span class='ocrx_word' id='word_1_196' title='bbox 2157 3761 2298 3835; x_wconf 82' lang='lat' dir='ltr'><strong>sed</strong></span> <span class='ocrx_word' id='word_1_197' title='bbox 2352 3784 2516 3836; x_wconf 86' lang='lat' dir='ltr'><strong>om·</strong></span> 
     </span>
     <span class='ocr_line' id='line_1_30' title="bbox 395 3883 2520 3983; baseline 0 -26"><span class='ocrx_word' id='word_1_198' title='bbox 395 3887 528 3957; x_wconf 89' lang='lat' dir='ltr'><strong>nia</strong></span> <span class='ocrx_word' id='word_1_199' title='bbox 576 3899 757 3960; x_wconf 80' lang='lat' dir='ltr'><strong>sunt</strong></span> <span class='ocrx_word' id='word_1_200' title='bbox 823 3885 1081 3960; x_wconf 83' lang='lat' dir='ltr'><strong>velata</strong></span> <span class='ocrx_word' id='word_1_201' title='bbox 1125 3888 1552 3983; x_wconf 80' lang='lat' dir='ltr'><strong>amictoque</strong></span> <span class='ocrx_word' id='word_1_202' title='bbox 1617 3885 1886 3964; x_wconf 83' lang='lat' dir='ltr'><strong>florum</strong></span> <span class='ocrx_word' id='word_1_203' title='bbox 1953 3883 2520 3980; x_wconf 78' lang='lat' dir='ltr'><strong>herbarumque</strong></span> 
     </span>
     <span class='ocr_line' id='line_1_31' title="bbox 398 4001 2606 4132; baseline 0 -51"><span class='ocrx_word' id='word_1_204' title='bbox 398 4009 729 4103; x_wconf 76' lang='lat' dir='ltr'><strong>stragulo</strong></span> <span class='ocrx_word' id='word_1_205' title='bbox 764 4001 1142 4098; x_wconf 68' lang='lat' dir='ltr'><strong>amoeno3</strong></span> <span class='ocrx_word' id='word_1_206' title='bbox 1188 4009 1412 4084; x_wconf 78' lang='lat' dir='ltr'><strong>sicuti</strong></span> <span class='ocrx_word' id='word_1_207' title='bbox 1446 4011 1654 4086; x_wconf 80' lang='lat' dir='ltr'><strong>enim</strong></span> <span class='ocrx_word' id='word_1_208' title='bbox 1698 4011 1782 4084; x_wconf 91' lang='lat' dir='ltr'><strong>in</strong></span> <span class='ocrx_word' id='word_1_209' title='bbox 1818 4006 2509 4126; x_wconf 72' lang='lat' dir='ltr'><strong>eiusmodicampo</strong></span> <span class='ocrx_word' id='word_1_210' title='bbox 2591 4123 2606 4132; x_wconf 21' lang='lat' dir='ltr'>j</span> 
     </span>
    </p>
   </div>
  </div>
 </body>
</html>
