3025 4609
1443 322 1541 390 47

429 511 705 588 desunt
735 534 877 587 nec
896 522 1206 585 cessant
1245 493 1497 584 ceteri.
1577 505 1759 584 Sed
1766 495 2096 584 disertus
2126 509 2261 584 ille
2284 511 2527 602 magis

424 638 817 732 magisque
866 636 1155 708 eminet
1201 646 1279 707 et
1325 632 1611 725 relegat
1643 632 1951 706 socium
1986 635 2321 727 optimae
2363 632 2532 729 spei

426 756 730 854 plenum
766 756 864 828 ad
893 755 1243 830 turbam
1219 778 1302 828 ιιι
1328 775 1547 828 suum
1589 755 1911 828 fructum
1949 775 2380 849 operosam3
2447 757 2531 827 in

424 902 574 976 qua
622 905 706 951 re
758 891 1110 972 magnum
1157 880 1492 975 profecto
1526 880 1729 952 inest
1752 889 2249 950 momentum.
2352 877 2529 948 Mit-

425 1003 615 1075 titur
661 1004 741 1074 in
793 1001 1088 1075 cassum
1142 1001 1346 1075 bona
1396 995 1598 1095 spes,
1652 1002 1834 1096 quin
1910 1022 2102 1097 quae
2180 1010 2527 1095 expecta-

425 1138 640 1199 verat
690 1136 1037 1198 assecuta
1087 1127 1193 1196 sit
1230 1147 1320 1196 ac
1353 1121 1604 1194 denuo
1640 1122 2073 1195 reconditur
2105 1124 2188 1194 in
2223 1135 2526 1217 pectore

420 1247 874 1334 hominum,
963 1245 1090 1341 qui
1162 1246 1332 1318 sola
1381 1243 1531 1316 ailla
1603 1244 2138 1317 sustineantur.
2243 1243 2525 1315 Omnes

425 1370 767 1441 maximo
823 1391 1048 1463 opere
1099 1370 1441 1438 nituntur
1519 1387 1657 1457 nec
1724 1376 2037 1460 parcunt
2112 1363 2527 1453 laboribus,

426 1490 699 1585 quibus
754 1511 1109 1582 magnum
1164 1485 1473 1584 aliquod
1527 1509 1610 1560 se
1664 1508 1836 1558 esse
1889 1468 2295 1581 adepturos
2348 1510 2526 1560 con-

422 1609 691 1699 fidunt,
743 1631 973 1705 quum
1026 1632 1107 1681 re
1155 1631 1335 1682 vera
1385 1631 1585 1682 vana
1624 1622 1944 1704 ,captent
2008 1629 2326 1703 seseque
2373 1609 2525 1702 ipsi

429 1729 894 1827 decipientes
948 1753 1105 1802 non
1154 1732 1302 1803 nisi
1351 1732 1483 1802 uni
1536 1723 1841 1826 pariant
1880 1711 2268 1803 fructuosa
2316 1751 2526 1802 emo-

427 1851 793 1948 lumenta,
847 1864 928 1925 ut
976 1852 1098 1930 hic
1144 1855 1312 1948 ipse
1363 1851 1638 1925 debeat
1664 1854 1924 1944 mirari
1957 1854 2525 1948 inexpectatum

425 1976 865 2047 tentaminis
895 1990 1271 2050 eventum.
1330 1973 1717 2072 Quidquid
1736 1975 2017 2079 obstat,
2047 1972 2521 2064 exturbatur3
2557 2069 2564 2078 ἣ

290 2165 299 2174 .
422 2094 788 2191 quidquid
815 2099 1173 2189 poscitur,
1227 2096 1484 2185 adest3
1540 2099 1888 2170 saeviunt
1912 2097 2166 2169 furore
2191 2094 2524 2191 quodam

421 2220 504 2288 in
560 2237 697 2288 sua
746 2217 1137 2303 intestina,
1189 2216 1453 2289 ut‘ille
1506 2217 1687 2289 boni
1734 2219 2034 2291 consilii
2069 2231 2330 2292 auctor
2353 2239 2521 2314 par-

426 2339 662 2431 ticeps
715 2340 850 2408 fiat
900 2334 1200 2407 debitae
1256 2335 1674 2428 dignitatis.
1747 2338 1892 2409 Hic
1916 2359 2097 2408 vero
2136 2327 2524 2435 susceptas

423 2471 678 2553 partes
744 2459 1036 2549 egregie
1100 2459 1463 2545 sustinet,
1534 2472 1651 2531 est
1710 2456 2183 2530 admirabilis
2247 2460 2514 2554 homo;

420 2601 600 2652 nam
626 2602 854 2675 quum
883 2579 1134 2652 verbis
1159 2580 1478 2679 fucoque
1517 2593 1832 2653 externo
1860 2579 2226 2656 recondat
2257 2605 2520 2660 verum

421 2705 750 2796 pectoris
806 2705 1249 2792 consilium,
1303 2707 1540 2775 tutius
1592 2716 1847 2798 potest
1895 2717 1971 2775 et
2023 2708 2296 2779 certius
2347 2730 2521 2803 pro-

421 2820 631 2915 gredi
680 2823 980 2917 ipsique
1032 2824 1169 2912 illi,
1219 2825 1348 2919 qui
1394 2843 1780 2915 nunquam
1809 2822 2007 2896 flecti
2052 2846 2277 2918 posse
2308 2825 2520 2898 vide-

423 2943 736 3032 bantur,
813 2943 1122 3017 tandem
1189 2945 1591 3017 inferiores
1662 2939 2033 3015 decedunt
2086 2949 2516 3020 certamine.

423 3063 550 3137 Sic
600 3063 934 3152 efficitur,
988 3080 1074 3139 ut
1120 3069 1268 3140 iste
1317 3066 1477 3139 voti
1534 3063 1937 3139 damnatus
1991 3090 2130 3144 nec
2178 3068 2333 3141 ulla
2384 3093 2518 3188 spe

423 3190 1099 3287 expectationeque
1144 3190 1382 3263 falsus
1434 3186 1834 3284 splendeat
1880 3169 2089 3282 largo
2139 3190 2517 3266 honorum

421 3307 708 3382 lumine
757 3324 837 3383 et
882 3314 1125 3403 gratia
1174 3312 1603 3410 aequalium
1654 3310 2096 3386 clunuletur.
